2926 5040
729 365 821 434 capue
838 365 857 420 1.
914 425 917 432 .

441 580 606 664 Digressio
631 579 668 644 de
692 581 799 645 aetate
823 580 955 645 Macarii
978 581 1145 662 Magnetis.

208 714 245 756 ·‘
310 727 447 788 Ostendit
474 727 649 787 Theodorus
680 727 760 786 Zabn
795 730 1043 788 commentatione
1076 746 1129 788 sua
1163 727 1315 788 doctrinae
1344 738 1376 788 et

223 833 317 895 bonae
346 834 441 912 irugis
469 833 569 912 plena,
600 852 673 912 quae
703 840 799 893 exstat
825 834 855 892 in
880 832 1012 912 Briegeri
1040 833 1194 894 annalibus
1222 834 1376 895 historicis

224 940 432 1002 ecclesiasticis
461 940 516 999 vol.
542 939 576 1000 ll.
600 937 620 1000 3
644 960 671 1018 p.
691 935 757 1000 452
772 957 835 1019 sqq.
862 937 961 1020 1878,
991 943 1135 1019 scriptum
1163 959 1229 1001 esse
1253 940 1377 1001 Macarii

221 1048 365 1127 Magnetis
395 1048 588 1126 apocriticum
613 1049 692 1106 circa
721 1049 833 1106 exitum
863 1046 972 1106 saeculi
997 1050 1102 1124 quarti.
1139 1048 1242 1126 Neque
1264 1050 1376 1109 iniuria

221 1156 305 1235 dicit,
329 1156 354 1215 si
374 1152 559 1233 exploratum
578 1162 658 1213 esset
676 1161 803 1234 tempus,
827 1171 886 1231 quo
906 1151 1035 1232 Babylon
1054 1154 1244 1234 Assyriorum
1263 1164 1375 1215 metro-

222 1262 297 1342 polis
325 1280 342 1320 a
369 1261 470 1321 Persis
498 1269 609 1321 vastata
637 1268 729 1341 esset,
762 1261 826 1320 iore
855 1265 889 1320 ut
922 1268 1052 1320 statuere
1081 1265 1244 1343 possimus,
1271 1269 1376 1323 utrum

222 1371 301 1429 circa
321 1385 430 1428 annum
451 1363 516 1428 390
535 1386 570 1427 an
590 1365 656 1428 410
679 1367 771 1427 libros
791 1385 861 1426 suos
879 1366 1024 1426 Macarius
1044 1371 1264 1448 conscripserit.
1300 1368 1375 1429 Nam

223 1475 259 1534 de
283 1474 438 1553 Rabylonis
462 1476 624 1534 vastatione
648 1475 852 1534 recentissima
876 1476 936 1551 egit
959 1473 1104 1535 Macarius
1127 1474 1224 1536 v111
1249 1496 1278 1555 p.
1300 1473 1375 1558 170,

226 1579 267 1642 10
281 1600 358 1660 sqq.:
382 1579 472 1656 μέχρι
495 1581 553 1641 τοῦ
577 1581 636 1642 νῦν
663 1579 802 1657 βαιιλικὴ
826 1580 891 1640 τῶν
912 1570 1080 1656 Ἀεεορίων
1105 1579 1299 1657 μητρόπολις
1322 1581 1376 1656 γε’-

221 1706 319 1762 γονεν
342 1686 362 1764 ἡ
386 1686 565 1762 καλουμένη
592 1684 756 1764 Βαβυλὼν,
780 1684 984 1747 ὀκτακοείοοε
1010 1686 1061 1747 καὶ
1084 1688 1286 1765 πεντήκοντα
1304 1707 1375 1750 ετα-

223 1793 310 1857 οίου(
334 1793 370 1856 ἐν
393 1792 497 1875 κύκλῳ
522 1795 750 1871 περιβαλοῦεα,
785 1789 847 1854 εἶτ’
871 1792 924 1854 ἐπὶ
954 1793 1155 1871 πεντήκοντα
1183 1796 1295 1873 πήχει(
1317 1799 1378 1857 τοῦ

222 1898 396 1979 περιβόλου
419 1900 457 1962 τὸ
481 1898 602 1963 πλάτος
626 1898 796 1977 εὐρύναεα,
827 1900 878 1961 καὶ
901 1898 1079 1962 διακοείοο(
1103 1900 1153 1962 καὶ
1176 1902 1379 1980 πεντήκοντα

222 2005 260 2068 τὸ
284 1990 368 2083 depol
391 2005 547 2085 ἐπάραεα,
572 2003 694 2084 ἄμαχός
716 2026 763 2068 τι(
787 2005 865 2069 οὖεα
889 2006 939 2068 καὶ
963 2004 1144 2085 ἀνάλωτοι,
1170 2007 1323 2086 δεύτερον
1349 2007 1378 2071 b’

223 2111 287 2176 ὑπὸ
298 2109 323 2196 ¹)
348 2113 483 2190 Περεῶν
507 2114 704 2191 ἐρημωθεῑεα
727 2109 797 2175 οὐδ’
818 2111 909 2190 ἰ’χνο(
933 2116 989 2191 τῆ(
1013 2116 1150 2177 παλαιᾶς
1173 2113 1379 2192 εὐδαιμονία(

224 2220 323 2286 (ώῑει.
359 2223 420 2283 lam
439 2242 509 2283 vero
528 2222 657 2303 Babylon
678 2231 742 2283 erat
761 2222 890 2304 deserta,
909 2230 1066 2302 postquam
1086 2242 1102 2282 a
1121 2223 1246 2284 Traiano
1266 2232 1379 2284 vastata

224 2339 269 2391 est
289 2339 318 2392 et
337 2330 373 2389 ab
392 2326 501 2390 Avidio
521 2329 621 2390 Cassio
646 2329 780 2389 funditus
800 2348 918 2410 eversa3
941 2330 1086 2391 Macarius
1105 2339 1204 2392 autem
1224 2349 1278 2391 suo
1302 2338 1378 2390 tem·
1444 2394 1455 2416 ,Α

224 2456 295 2516 pore
319 2436 424 2496 urbem
449 2437 485 2496 de
510 2455 567 2515 qvva
591 2439 651 2515 egit
674 2437 802 2496 dirutam
827 2455 892 2496 esse
921 2437 1043 2497 tradidit
1066 2456 1162 2517 neque
1187 2437 1380 2519 alimonis,

225 2543 276 2603 sed
300 2561 316 2601 a
339 2541 447 2602 Persis.
485 2543 566 2614 Quae
586 2562 654 2602 cum
678 2545 717 2602 ita
737 2545 805 2623 sint,
830 2544 1005 2604 statuendus
1025 2553 1071 2604 est
1094 2545 1264 2604 confudisse
1284 2543 1379 2624 baby-

224 2648 322 2709 lonem
346 2657 376 2709 et
395 2648 618 2728 Ctesiphontem
641 2649 782 2728 loquendi
802 2668 884 2709 more
904 2650 1058 2712 adductus.
1097 2650 1257 2730 Ctesiphon
1278 2658 1380 2710 autem

225 2755 384 2815 Persarum
413 2764 501 2834 caput
529 2774 545 2814 a
568 2756 669 2816 Persis
699 2759 806 2816 vastari
835 2775 894 2816 non
923 2760 1020 2837 potuit
1048 2760 1106 2817 nisi
1136 2767 1201 2818 orto
1229 2757 1306 2818 bello
1334 2760 1381 2817 in-

226 2864 344 2922 testino.
381 2861 442 2921 lam
462 2882 531 2923 vero
555 2862 628 2922 baec
652 2865 845 2923 inveniuntur
870 2864 947 2943 apud
969 2864 1052 2924 Amri
1074 2863 1318 2943 interpolatorem
1342 2864 1381 2925 de

225 2969 342 3030 Achaeo
357 2968 556 3049 Ctesiphontis
577 2972 715 3050 episcopo
731 2965 900 3052 (Assemani
919 2969 988 3030 bibl.
1008 2973 1113 3031 orient.
1128 2970 1168 3030 lll
1186 2969 1201 3030 1
1222 2990 1250 3050 p.
1262 2964 1382 3054 369a):

227 3072 386 3136 ‘Achaeum
417 3075 607 3155 lezdegerdes
637 3076 780 3155 singulari
812 3076 1016 3138 benevolentia
1046 3076 1310 3157 complectebatur,
1351 3088 1383 3139 et

226 3181 324 3262 paullo
357 3191 424 3261 post
456 3191 640 3262 assumptum
670 3185 871 3262 episcopatum
900 3186 929 3243 in
957 3182 1109 3244 Persidem
1139 3203 1206 3244 eum
1235 3183 1383 3262 ablegavit

227 3288 262 3347 ad
282 3288 485 3367 componenda
504 3288 647 3366 quaedam
667 3291 766 3368 magni
789 3292 930 3350 momenti
951 3289 1085 3370 dissidia,
1105 3309 1179 3369 quae
1203 3293 1260 3369 ipsi
1280 3288 1382 3351 lezde·

227 3394 309 3474 gerdi
329 3412 397 3454 cum
417 3394 528 3455 Biburo
548 3396 668 3474 Saporis
687 3389 779 3473 ivli02)
800 3415 913 3474 suoque
933 3414 1074 3474 germano
1093 3398 1225 3457 Persidis
1243 3399 1382 3477 principe

228 3509 420 3561 emerserant.
467 3500 539 3561 llluc
566 3504 666 3580 itaque
696 3503 848 3580 proiectus
881 3502 1015 3562 Achaeus
1037 3506 1199 3582 'negotium
1232 3522 1287 3583 pro
1320 3523 1383 3582 quo

228 3608 341 3686 legatus
370 3607 479 3687 luerat,
513 3626 549 3666 ex
577 3610 724 3668 sententia
753 3603 921 3687 expedivit’.
964 3608 1130 3689 Episcopus
1159 3618 1256 3671 autem
1286 3610 1382 3672 Ctesi-

228 3714 349 3794 phontis
368 3721 432 3773 erat
445 3714 579 3773 Achaeus
599 3713 635 3774 ab
655 3733 730 3774 anno
750 3712 813 3775 411
835 3734 930 3794 usque
951 3715 986 3775 ad
1007 3734 1116 3777 annum
1135 3714 1201 3777 416
1221 3715 1271 3795 (cs.
1292 3717 1381 3778 Asse-

229 3823 307 3882 mani
335 3818 416 3881 1111
447 3840 474 3899 p.
499 3814 679 3902 369a111);
711 3823 810 3900 itaque
844 3841 904 3881 non
940 3822 1032 3882 multo
1065 3831 1133 3902 post
1169 3842 1278 3883 annum
1312 3822 1380 3886 411

229 3928 375 4008 legatione
399 3927 520 3987 iunctus
539 3935 593 3988 est.
630 3927 701 3987 lude
722 3922 927 4010 autem‚'quod
947 3947 1023 3988 anno
1043 3927 1109 3990 410
1131 3930 1261 4010 synodus
1280 3930 1383 3993 babita

301 4138 327 4203 1)
347 4136 377 4189 δ’
395 4135 460 4190 ante
480 4135 535 4189 ὑπὸ
554 4134 652 4189 adieci.

300 4225 329 4293 2)
348 4222 399 4279 cni
416 4241 472 4278 non
491 4224 595 4278 Bihuro
615 4240 715 4278 nomen
738 4224 836 4292 fuisse,
862 4223 911 4279 sed
929 4225 1064 4279 Behwaro
1088 4225 1133 4280 vel
1153 4225 1305 4281 Behbodho
1331 4230 1383 4282 ad-

229 4312 340 4367 notavit
353 4312 498 4367 Noeldeke
517 4331 543 4366 v.
558 4309 608 4378 ill,
628 4310 795 4366 Gesohiohte
815 4312 864 4365 der
877 4313 975 4368 Persen
993 4314 1050 4367 und
1064 4315 1172 4369 Araber
1190 4333 1237 4368 zur
1252 4316 1312 4370 Zeit
1332 4317 1385 4373 der

231 4400 393 4456 Sasaniden.
438 4402 496 4456 Aus
524 4401 573 4454 der
600 4401 772 4456 Arabisohen
801 4400 925 4456 Chronilr
953 4403 1001 4457 des
1029 4403 1133 4458 Tobari
1161 4404 1302 4459 iibersetnt
1327 4408 1383 4462 etc.

230 4490 344 4560 Leyden
365 4495 432 4546 1879
451 4509 478 4575 p.
499 4494 533 4546 75
552 4490 615 4546 adn.
635 4509 663 4560 p.
682 4495 757 4546 436a
776 4491 839 4548 adn.
861 4497 902 4545 10.
