2926 5040
418 353 460 409 ue
478 351 581 408 ructant
597 351 677 409 noris
694 319 883 409 restituendis.
1018 321 1020 324 ⁴
1162 347 1224 428 131

47 546 50 553 ·
80 539 206 582 numero
221 520 361 600 Cyrillum
382 519 541 581 collocasse
557 519 667 581 Christi
686 520 775 581 verba
789 520 859 581 Luc.
875 518 927 603 23,
942 518 998 582 34:
1017 516 1126 600 πάτερ,
1146 516 1228 596 ἄφεε

80 625 204 705 αὐτοῖε,
228 624 267 689 οὐ
290 624 351 702 γὰρ
375 621 477 688 οἴδαει
504 624 532 687 τί
556 621 708 688 ιιοιοῦειν.
750 625 829 706 Ergo
858 626 982 689 molesta
1005 637 1090 689 erant
1112 627 1229 708 Cyrillo,

80 738 121 796 ita
146 733 321 796 statuendus
345 741 390 793 est
408 732 539 794 lulianus
563 752 595 794 ea
619 735 650 793 in
669 751 757 794 usum
781 752 869 794 suum
889 735 1059 818 contulisse,
1082 743 1124 816 ut,
1148 738 1228 796 sire

81 860 151 903 vera
174 860 190 902 a
213 840 331 901 Christo
355 849 439 900 eraut
462 839 553 921 dicta,
581 841 751 901 efficeretur
779 840 847 901 iude
871 840 981 902 Christi
1008 840 1160 902 doctrinae
1184 859 1229 901 re-

82 967 214 1028 pugnare
234 966 337 1009 eorum
357 948 409 1026 qui
427 944 533 1006 luliani
554 946 739 1026 temporibus
764 948 886 1009 luerunt
905 948 1141 1010 Christianorum
1165 967 1230 1009 sen·

82 1057 214 1117 tentiam.
251 1052 311 1115 lam
331 1071 401 1113 vero
421 1052 531 1114 Christi
550 1053 638 1114 verba
658 1053 729 1116 huc.
744 1052 800 1142 23,Ι
811 1052 855 1115 34
873 1054 910 1116 ad
929 1074 980 1116 eos
998 1058 1159 1136 pertinent,
1179 1057 1231 1133 qui

83 1163 167 1222 cruci
193 1162 293 1240 ipsum
321 1159 488 1220 affixerunt.
534 1158 619 1229 Quod
648 1163 673 1220 si
701 1180 780 1221 nunc
808 1170 977 1241 spectamus
1001 1161 1175 1223 Oecumcnii
1203 1172 1232 1223 et

83 1257 337 1330 hrcthac'rerha:
365 1263 404 1327 οὐ
434 1263 535 1343 μόνον
558 1264 619 1343 γὰρ
647 1264 678 1329 oi
705 1267 807 1330 ιιιετοὶ
830 1266 986 1345 διέφυγον
1014 1267 1072 1331 τὸν
1095 1265 1232 1345 ὄλεθρον

82 1374 142 1437 τὸν
164 1372 228 1436 ὑπὸ
251 1369 427 1450 Ῥωμαίων,
451 1369 608 1435 ἀλλὰκαὶ
631 1370 662 1435 οἱ
685 1373 722 1436 ἐν
745 1371 859 1456 ἀγνοίᾳ
881 1377 928 1457 τῷ
952 1379 1075 1457 (ταυρῷ
1098 1378 1157 1438 τοῦ
1179 1395 1232 1437 κυ-

85 1480 155 1558 ρίου
175 1477 405 1558 ευνηργηκότεε
423 1477 494 1557 κτὲ.,
519 1490 548 1541 et
566 1490 711 1542 extrema:
735 1478 811 1543 ἀλλ’
835 1480 863 1545 εἰ
881 1480 1004 1545 ἐκεῖνο(
1023 1472 1136 1560 οὕτιυε,
1158 1481 1233 1560 ἡμῖν

83 1587 123 1651 οὐ
142 1590 239 1651 τοῦτο
259 1589 360 1649 δοκεῖ·
383 1583 432 1648 ὅτι
451 1585 528 1662 μηδὲ
552 1583 671 1648 πάντες
694 1584 725 1648 οἱ
743 1585 902 1665 παρόντε(
922 1585 1068 1652 Ἰουδαῖοι
1086 1593 1142 1667 τῆ(
1161 1587 1233 1651 τόλ-

84 1713 144 1773 μηε
161 1698 228 1758 τῶν
246 1692 422 1772 ἀρχιερέων
441 1691 645 1771 ἐκοινώνουν,
664 1693 721 1755 οὓ(
740 1692 863 1758 πάντα(
883 1693 967 1758 εἰκὸε
983 1695 1116 1773 ὕετερον
1134 1714 1233 1773 (φρα-

83 1805 228 1879 γιεθῆναι
245 1805 284 1883 τῇ
298 1798 398 1862 πίετει
412 1797 483 1876 uri,
502 1819 582 1861 nuuc
597 1800 698 1880 Cyrilli
716 1806 914 1882 perspicimus
929 1804 1094 1865 consilium·
1124 1804 1235 1864 Notum

85 1921 132 1979 est
155 1908 338 1970 Christianos
367 1916 537 1969 autumasse
566 1926 670 1969 omnes
692 1908 830 1990 ludaeos,
858 1911 938 1990 qnod
961 1904 1065 1972 lesum
1083 1908 1234 1970 Christum
1347 1951 1350 1954 >
1428 1899 1430 1905 ’

86 2020 170 2079 cruci
188 2017 359 2093 affixissent,
379 2014 608 2076 condemnatum
626 2017 664 2106 iri
684 2023 714 2076 et
731 2018 790 2077 iam
807 2036 873 2078 esse
888 2018 1108 2079 condemnatos,
1141 2016 1234 2087 Quam

86 2126 264 2185 sententiam
288 2141 454 2203 repugnare
478 2121 583 2202 procul
607 2105 696 2183 dubio
720 2122 836 2186 dixerat
858 2123 989 2187 lulianus
1012 2127 1106 2205 ipsius
1125 2123 1235 2183 Christi

86 2229 200 2292 verbis:
222 2226 333 2305 πάτερ,
357 2223 439 2305 ἄφεε
462 2225 585 2307 αὐτοῑε,
613 2226 652 2290 οὐ
675 2227 736 2306 γὰρ
760 2227 874 2308 οῖδαει,
902 2229 931 2292 τί
955 2233 1108 2292 notorior.
1150 2228 1235 2299 Quod

87 2344 237 2417 apostatae
261 2346 468 2415 argumentum
491 2334 629 2396 refellere
652 2355 712 2397 non
735 2341 833 2418 potuit
856 2338 983 2419 Cyrillus
1006 2340 1065 2399 nisi
1088 2356 1133 2420 eo,
1155 2335 1234 2416 quod

87 2443 264 2524 interpolata
288 2462 354 2504 esse
383 2442 431 2504 illa
461 2443 550 2504 verba
573 2443 735 2504 contendit.
782 2445 864 2516 Quae
890 2449 989 2507 omisit
1013 2448 1102 2507 etiam
1126 2442 1236 2504 codicis

88 2552 223 2612 Sinaitici
246 2559 399 2611 corrector
424 2543 481 2631 (tta
503 2550 582 2631 apud
606 2547 888 2636 Tischendorlium).

636 2709 685 2773 10.

180 2818 392 2899 Cognoscimus
415 2834 451 2876 ex
478 2815 642 2894 fragmento
670 2814 719 2877 14.
756 2820 999 2881 animadvertisse
1023 2819 1168 2881 lulianum
1192 2838 1237 2879 re-

88 2945 221 3007 pugnare
250 2922 351 2986 Matth.
370 2920 428 3004 27,
451 2919 495 2983 34
524 2917 649 2985 ἔδωκαν
677 2921 764 3005 αὐτῷ
792 2928 878 2988 πιεῖν
906 2922 997 2988 οἶνον
1030 2924 1109 3002 μετὰ
1139 2926 1237 3001 χολῆε

90 3032 283 3109 μεμιγμένον
301 3027 526 3113 Marc015,23
549 3015 601 3091 troi
620 3027 748 3093 ἐδίδουν
768 3029 855 3114 αὐτῷ
875 3031 1118 3110 ἐεμυρνιεμένον
1137 3024 1236 3093 οἶνον.

90 3139 172 3200 Idem
195 3150 373 3220 exposuerat
394 3138 590 3219 philosophus
613 3139 796 3200 Macarianus
820 3138 922 3202 {1112
945 3160 973 3220 p.
993 3137 1045 3200 20.

532 3409 583 3469 Ex
605 3410 683 3469 libro
706 3407 795 3472 XIV.

640 3549 690 3612 11.

181 3673 231 3753 ug.
258 3670 296 3734 ll
326 3639 452 3752 Cyrillus
480 3668 610 3736 ‘iacebat
638 3670 733 3735 enim'
765 3677 861 3754 inquit
890 3670 936 3735 ‘in
964 3675 1115 3755 sepulcro·
1130 3693 1239 3754 corpus

92 3789 229 3841 sanctum
257 3789 408 3842 mortuum
436 3790 465 3842 et
498 3784 562 3843 sine
590 3777 711 3843 anima'.
758 3781 896 3843 Fortasse
929 3784 1019 3860 igitur
1047 3781 1240 3843 contenderat

92 3886 225 3947 luhanus
248 3885 400 3950 Christum
423 3891 450 3950 si
473 3907 506 3950 re
529 3907 598 3949 vera
622 3890 851 3970 resurrexisset,
880 3897 1031 3950 mortuum
1055 3907 1114 3949 non
1138 3888 1240 3969 luisse,

92 3992 146 4054 sed
169 3995 265 4054 risum
288 4012 363 4057 esse.
640 4083 681 4147 12

182 4191 326 4271 Exposuit
344 4191 475 4253 lulianus
494 4211 660 4273 repugnare
679 4191 780 4253 Matth.
799 4188 851 4275 28,
871 4189 887 4253 1
908 4191 1006 4251 Marco
1024 4188 1073 4272 16,
1088 4188 1121 4273 23
1139 4188 1240 4252 Matth.

92 4295 187 4378 28,2
214 4297 313 4358 llarco
335 4295 384 4380 16,
403 4295 438 4380 ὃς
465 4299 566 4359 Matth.
586 4296 642 4380 28,
661 4296 681 4359 8
704 4299 802 4359 Marco
826 4295 879 4380 16,
898 4296 926 4358 8.
965 4297 1007 4359 Cl.
1027 4296 1127 4378 Cyrilli
1146 4298 1183 4377 lg.
1202 4294 1241 4358 18

91 4407 167 4486 init,
190 4403 243 4464 uhi
266 4403 303 4464 de
326 4403 431 4465 Iuliani
453 4407 598 4466 sententia
622 4407 727 4484 agitur.

561 4563 773 4569 „-..„-
825 4609 831 4621 ι
992 4557 1028 4611 9,
