2926 5040
490 332 531 387 De
550 331 651 387 Iuliani
669 330 749 386 libris
768 331 956 388 restituendis.
1236 332 1299 396 105

151 497 255 558 loliani
269 497 508 560 dissertationem
527 518 543 558 a
562 499 660 560 verbis
679 499 738 560 his:
762 494 811 560 ὅτι
826 498 862 560 δὲ
877 496 916 560 οὐ
930 497 1089 574 διδακτὸν,
1108 494 1192 560 ἀλλὰ
1206 496 1300 574 aare

151 601 188 665 τὸ
217 601 336 666 εἰδέναι
363 601 439 666 θεὸν
467 606 536 665 τοῖε
566 600 748 680 ἀνθρώποιο
778 601 913 680 ὑπάρχει
936 601 997 666 κτὲ.
1045 603 1105 665 lam
1134 624 1204 665 vero
1233 613 1301 685 post

151 710 240 771 verba
268 710 412 789 quaedam
440 729 499 771 non
531 720 646 772 servata
679 708 815 790 seqhitur
842 711 968 772 alterum
999 711 1212 793 fragmentum,
1241 731 1299 790 qno

151 835 254 877 omnes
287 818 423 878 homines
456 827 561 879 natura
589 835 657 878 cnm
691 818 772 878 caelo
801 820 976 878 coniunctos
1008 835 1074 878 esse
1102 817 1299 879 contenditur.

152 921 238 993 Quod
261 906 459 1002 fragmentum
478 942 546 985 oum
565 932 651 986 antea
674 943 733 984 non
754 933 856 985 notum
880 925 983 999 fuerit,
1008 942 1066 984 non
1092 926 1184 985 miror
1207 943 1245 986 ne
1268 926 1299 985 id

153 1029 273 1107 quidem
295 1030 493 1113 fragmentum
517 1033 547 1091 in
570 1034 665 1110 prima
689 1040 772 1111 parte
796 1033 925 1110 positum
949 1049 1025 1112 esse,
1049 1031 1127 1109 quod
1150 1033 1301 1092 invenitur

152 1156 179 1216 p.
193 1133 269 1198 6913
285 1156 328 1217 sq.
366 1138 451 1209 Quod
475 1141 501 1199 si
524 1140 705 1217 coniungere
735 1138 887 1199 studueris
910 1157 977 1199 cum
1006 1139 1043 1216 iis
1065 1135 1170 1197 luliani
1193 1138 1301 1218 verbis,

152 1262 226 1321 quae
249 1246 280 1304 in
300 1244 400 1324 Cprilli
424 1246 602 1306 refutatione
624 1246 804 1306 antecedunt
821 1265 849 1324 p.
865 1240 941 1305 65Α
957 1262 1030 1325 sqq,
1053 1244 1164 1304 frustra
1186 1243 1299 1304 labora·

153 1353 236 1410 veris.
270 1350 355 1421 Quod
374 1353 400 1412 si
419 1358 556 1412 secutum
575 1369 641 1413 esse
660 1357 766 1412 censes
785 1352 823 1430 fg.
838 1347 914 1412 5213
928 1369 982 1431 sq,
1001 1351 1097 1410 omnia
1118 1359 1199 1411 recte
1219 1369 1299 1411 nunc

152 1455 325 1535 procedunt.
362 1457 427 1528 Quo
450 1459 615 1538 fragmento
634 1467 739 1519 natura
758 1476 861 1518 omnes
885 1457 1020 1518 homines
1044 1475 1112 1517 cum
1131 1456 1212 1517 caelo
1230 1475 1299 1517 con·

153 1565 354 1625 iunctoscosse
373 1565 567 1625 contenderat
585 1565 724 1626 lulianus.
762 1565 867 1626 Nonne
888 1566 997 1644 optime
1016 1565 1150 1643 perrexit
1167 1583 1195 1643 p.
1211 1560 1301 1626 69h:

152 1666 179 1730 ri
207 1672 257 1733 δεῖ
284 1689 335 1745 μοι
362 1672 473 1733 καλεῖν
500 1669 657 1748 Ἕλληνα(
689 1671 740 1734 καὶ
766 1667 929 1749 ἙβραίουςΙ
957 1669 1096 1734 ἐνταῦθα
1125 1667 1299 1746 μάρτυρας

153 1773 257 1838 οὐδεὶς
281 1773 364 1838 tens
385 1775 421 1839 bc
440 1775 499 1840 οὐκ
516 1775 675 1840 ἀνατείνει
698 1778 755 1855 μὲν
775 1776 819 1841 εἰ(
843 1776 984 1855 οὐρανὸν
1002 1774 1059 1837 τὰ(
1079 1779 1189 1852 χεῖρα(
1208 1772 1300 1851 εὐχό-

153 1901 259 1960 μενοε,
287 1879 417 1959 ὀμνύων
440 1881 521 1965 (be)
543 1883 620 1948 θεὸν
643 1883 714 1962 ἤτοι
738 1886 844 1962 θεοὺς,
869 1882 998 1947 ἔννοιαν
1021 1881 1107 1945 ὅλωε
1130 1885 1189 1944 τοῦ
1213 1879 1301 1945 θείου

153 1986 332 2067 λαμβάνων,
356 1988 456 2053 ἐκεῖεε
480 1989 613 2066 φέρεται
636 1999 667 2051 et
690 2010 765 2070 quae
789 2000 957 2070 sequnntur
980 1992 1011 2051 in
1035 1991 1300 2051 eandem-senten·

153 2099 221 2157 tiam
245 2093 345 2157 dicta?
381 2100 476 2176 Atque
496 2099 585 2158 etiam
604 2116 639 2158 ex
659 2097 758 2158 verbis
776 2094 907 2159 ἔννοιαν
925 2093 1012 2157 ὅλως
1035 2097 1094 2157 τοῦ
1112 2093 1200 2158 θείου
1225 2097 1299 2171 λαμ-

154 2199 260 2280 βάνων
278 2203 476 2284 eolligendum
496 2214 541 2267 est
556 2206 764 2285 depromptum
779 2210 845 2266 esse
860 2205 916 2265 hoc
936 2205 1134 2283 fragmentum
1149 2222 1185 2262 ex
1203 2204 1300 2282 prima

152 2311 367 2372 dissertationis
396 2320 493 2392 parte3
521 2310 748 2372 eodemmodo¹
774 2330 832 2391 qno
867 2310 956 2372 verba
984 2306 1125 2386 οὐρανὸν
1153 2343 1195 2352 -
1223 2309 1301 2371 θεοῦ

152 2415 271 2495 θρόνον
298 2415 462 2495 ὑπέλαβον
491 2419 730 2498 coniungendum
758 2419 787 2480 id
816 2437 882 2479 esse
911 2437 978 2479 cum
1007 2419 1045 2497 fg.
1061 2413 1136 2478 5213
1151 2436 1194 2496 sq.
1222 2415 1300 2476 hand

152 2526 240 2587 dubie
268 2524 481 2587 demonstrant.
529 2527 632 2605 ltaque
660 2527 703 2587 sic
731 2527 937 2588 constituenda
969 2525 1086 2586 videtur
1117 2525 1185 2585 libri
1212 2524 1300 2603 primi

150 2635 246 2713 prima
265 2652 347 2714 pars:
370 2634 408 2712 fg.
423 2629 507 2694 5213.
527 2633 653 2695 Lacuna.
678 2635 716 2712 fg.
731 2631 844 2696 52BC.
868 2635 906 2713 fg.
922 2630 963 2695 69
976 2634 998 2693 Β
1013 2652 1077 2712 sqq.
1109 2632 1212 2711 Neque
1230 2630 1302 2691 licet

151 2758 207 2800 nos
230 2742 332 2800 mirari
356 2748 414 2799 tam
437 2739 521 2800 brevi
544 2758 609 2800 eam
632 2742 727 2818 spatio
751 2741 870 2821 confici,
893 2742 957 2819 ipse
981 2741 1059 2799 enim
1079 2738 1194 2799 dixerat
1212 2735 1297 2796 lulia-

150 2865 209 2908 nus
232 2848 335 2926 paucis
363 2864 428 2906 sese
457 2849 654 2925 repetiturum
686 2864 767 2927 esse,
795 2847 943 2925 quomodo
971 2855 1035 2906 orta
1059 2848 1098 2906 sit
1125 2846 1173 2905 dei
1196 2845 1301 2904 notitia

151 2947 245 3035 (421)
270 2950 402 3028 μικρὸν
426 2951 465 3013 δὲ
491 2948 704 3030 ἀναλαβεῖν
727 2948 824 3029 enon
848 2948 925 3014 ὅθεν
948 2951 1022 3029 ἡμῖν
1044 2951 1113 3030 ἥκει
1136 2949 1188 3013 καὶ
1210 2946 1300 3010 ὅπως

150 3057 263 3122 ἔννοια
285 3060 362 3122 θεοῦ
385 3057 423 3121 τὸ
446 3055 600 3142 πρῶτον).
1375 3042 1378 3047 ’

242 3167 302 3227 lam
322 3185 401 3227 nunc
425 3167 460 3227 ad
488 3167 609 3229 alteram
633 3176 746 3248 partem
776 3167 988 3229 restituendam
1016 3177 1214 3244 transeamus,
1244 3182 1301 3242 qua

151 3275 334 3352 comparavit
366 3272 497 3333 lulianus
525 3257 706 3334 Graecorm'n
740 3283 770 3335 et
797 3275 973 3336 ludaeorum
1006 3274 1043 3334 de
1072 3271 1162 3332 rebus
1194 3270 1301 3330 divinis

151 3381 324 3441 sententias.
360 3378 417 3439 Ubi
440 3398 456 3439 a
480 3389 561 3440 recta
584 3382 629 3440 via
653 3399 689 3440 ne
713 3381 899 3462 aberremvm,
922 3401 960 3442 nc
984 3381 1192 3441 obliviscamur
1214 3375 1299 3436 lulia-

151 3506 237 3568 num,
260 3505 327 3547 cum
351 3485 462 3546 assecla
481 3495 561 3547 esset
583 3487 786 3566 philosophiae
806 3507 893 3567 qnam
912 3506 1050 3549 vocamus
1069 3484 1302 3564 neoplatonicac,

150 3610 279 3674 prorsus
306 3595 446 3654 reiecisse
476 3592 602 3674 fabulas,
632 3613 705 3672 quas
734 3595 770 3654 de
799 3595 844 3657 dis
872 3605 975 3675 poetae
1005 3602 1211 3674 narraverant,
1238 3598 1300 3651 toto

151 3709 276 3779 pectore
307 3699 439 3769 deditum
467 3700 559 3760 fnisse
586 3699 799 3780 philosophiae.
840 3700 964 3762 Fabulas
992 3710 1091 3762 antem
1118 3701 1300 3761 Graecorum

153 3822 231 3883 quae
255 3805 511 3866 vehementissime
535 3824 551 3865 a
574 3805 690 3867 ludaeis
713 3815 743 3867 et
767 3805 941 3868 Christianis
964 3807 1222 3887 vituperabantur,
1251 3823 1299 3864 ex·

152 3920 290 3991 spectare
310 3909 436 3972 debebat
457 3913 522 3991 ipse
545 3911 602 3972 sibi
626 3913 836 3992 exprobratum
860 3916 910 3995 iri,
933 3917 959 3975 si
981 3916 1018 3975 iis
1042 3913 1184 3993 neglectis
1208 3910 1300 3991 philo-

154 4017 289 4096 sophiam
311 4017 399 4078 modo
422 4017 601 4079 Platonicam
630 4030 832 4100 comparasset
854 4039 922 4081 cum
945 4021 1122 4082 ludaeorum
1149 4019 1300 4098 religione.

153 4121 333 4184 Fabularum
365 4125 457 4204 igitur
489 4128 669 4186 mentionem
702 4126 799 4187 facere
832 4127 958 4188 debebat
989 4146 1087 4206 neque
1119 4126 1204 4186 aliter
1236 4128 1300 4186 sine

154 4230 334 4292 detrimento
356 4238 482 4313 poterat,
505 4233 563 4292 nisi
587 4242 619 4293 ut
641 4234 775 4312 ipsorum
798 4252 917 4313 quoquc
936 4234 1112 4295 ludaeorum
1135 4232 1300 4294 doctrinam

155 4338 277 4398 minime
291 4356 395 4399 vacare
410 4337 516 4398 fabulis
531 4339 703 4400 ostenderet
714 4358 808 4419 aeque
822 4348 911 4420 atque
922 4341 1103 4400 Graecorum
1114 4338 1298 4401 detestandis

157 4443 241 4523 Quod
264 4453 422 4526 postquam
445 4444 711 4530 demonstraverat,
738 4456 808 4508 tunc
832 4447 950 4508 demum
974 4449 1101 4508 transire
1124 4453 1242 4528 poterat
1264 4446 1299 4507 ad
