2926 5040
201 335 266 401 104
691 332 783 402 Caput
801 332 836 387 Il.

200 521 276 582 opus
310 521 397 564 suum
425 501 571 562 lulianum
601 502 766 580 fragmento
790 497 865 561 39Λ
884 518 927 579 sq.
959 501 1023 578 ipse
1051 497 1178 577 Cyrillus
1211 498 1359 559 indicavit

202 609 300 670 verbis
320 609 366 669 his
380 628 408 688 p.
423 605 465 670 39
476 609 516 668 h:
539 602 670 683 ἄρχεται
684 603 794 668 τοίνυν
808 607 866 668 τοῦ
885 601 958 668 καθ’
970 588 1061 681 ἡμῶνΙ
1080 601 1181 679 λόγου
1200 602 1253 666 καί
1267 623 1358 682 φηςι.

202 715 288 787 Quod
312 718 447 794 sequitur
471 716 508 794 lg.
524 733 551 793 p.
565 710 643 773 4113
659 732 703 792 sq.
740 712 858 792 Optime
882 715 962 772 enim
981 711 1112 773 lulianus
1135 731 1203 773 cum
1227 711 1358 773 dixisset

201 840 306 883 causas
330 840 395 882 sese
420 823 635 901 expositurum,
657 819 766 898 quibus
789 828 943 899 permotus
966 817 1102 907 lraudem
1125 836 1191 879 esse
1215 827 1360 879 censeret

202 929 399 990 Christianam
422 927 605 1008 religionem,
629 925 796 1005 quomodo
821 944 853 986 se
872 933 1012 1004 gererent
1034 923 1197 987 lectoribus
1220 943 1356 1004 pronun-

203 1038 293 1096 tiavit.
326 1034 407 1105 Quae
426 1033 478 1094 ubi
497 1033 662 1112 explanavit
681 1034 719 1112 lg.
733 1053 761 1113 p.
776 1030 907 1112 42Esq.
931 1031 1042 1093 indicat
1062 1033 1161 1111 operis
1185 1033 1232 1092 sui
1254 1033 1358 1093 consi-

203 1143 276 1202 lium
298 1143 336 1201 iis
355 1158 430 1220 quae
454 1140 541 1200 modo
565 1139 718 1201 attulimus
737 1138 844 1201 verbis.
880 1139 1015 1199 Primum
1032 1140 1136 1218 paucis
1155 1157 1186 1199 se
1209 1141 1360 1219 repetitu·

204 1266 281 1329 rum,
305 1247 383 1308 unde
404 1257 433 1308 et
452 1246 600 1326 quomodo
624 1245 794 1306 hominibus
812 1247 942 1326 primum
966 1248 996 1306 in
1017 1252 1146 1305 mentem
1171 1247 1287 1306 venerit
1304 1244 1363 1305 Dei

204 1356 318 1416 notitia.
361 1352 476 1415 Deinde
503 1371 568 1414 sese
597 1360 837 1432 comparaturum
860 1351 1042 1412 Graecorum
1065 1358 1096 1411 ct
1118 1348 1298 1412 ludaeorum
1321 1351 1362 1412 de

205 1463 260 1523 deo
285 1463 456 1522 sententias.
495 1460 572 1520 Tum
601 1477 666 1520 sese
690 1461 944 1538 interrogatorum
968 1456 1163 1536 Christianos,
1190 1476 1257 1538 cur,
1287 1477 1363 1519 cum

208 1569 320 1630 relictis
344 1568 525 1628 Graecorum
548 1566 692 1626 doctrinis
715 1567 746 1625 in
769 1563 946 1624 ludaeorum
969 1571 1070 1642 partes
1093 1565 1296 1645 transiissent,
1320 1583 1363 1624 ne

206 1678 237 1736 in
267 1693 371 1736 eorum
400 1673 520 1752 quidem
553 1674 709 1733 sententiis
737 1682 767 1732 ct
794 1673 874 1732 victu
901 1673 1133 1751 perseverarint,
1166 1669 1218 1730 sed
1250 1689 1364 1731 novam

207 1781 381 1860 religionem
404 1781 627 1858 composuerint
650 1781 778 1858 pessima
802 1796 937 1857 quaeque
966 1797 1041 1857 quae
1070 1787 1100 1838 et
1126 1777 1204 1856 apud
1227 1776 1365 1838 Graecos

208 1895 239 1947 et
261 1886 338 1966 apud
362 1885 486 1947 ludaeos
512 1888 717 1965 reperirentur
744 1887 775 1945 in
804 1903 890 1945 usum
915 1903 1002 1945 suum
1025 1882 1214 1945 conferendo.
1261 1884 1364 1963 Atque

208 1994 264 2054 hoc
287 1992 407 2072 quidem
431 1992 503 2080 looo⁸
519 1994 696 2053 terminatur
718 1993 912 2071 prooemium.

299 2098 341 2158 Er
361 2101 456 2178 prima
475 2107 573 2160 autem
593 2098 802 2178 disputationis
821 2107 904 2177 parte
924 2100 1083 2177 quicquam
1103 2096 1188 2158 nohis
1207 2107 1364 2158 servatum

211 2194 276 2266 esse
301 2208 417 2285 negavit
445 2204 527 2287 libri,
550 2223 638 2284 quem
662 2207 747 2266 initio
771 2205 987 2266 dissertationis
1011 2223 1093 2264 meae
1120 2203 1250 2286 laudavi,
1272 2224 1300 2284 p.
1316 2203 1364 2267 98

213 2316 301 2374 etiam
325 2313 438 2373 Rodius
462 2313 637 2391 ceteroquin
661 2311 912 2391 diligentissimus.
949 2310 1074 2371 Exstant
1096 2320 1195 2372 autem
1214 2331 1241 2391 p.
1257 2307 1366 2373 52Βο

211 2421 270 2481 duo
299 2418 405 2479 luliani
437 2419 614 2498 fragmenta,
646 2436 721 2497 quae
742 2425 926 2497 ‘separantur
958 2417 1061 2479 lacuna
1089 2417 1125 2478 ab
1158 2420 1223 2497 ipso
1251 2418 1366 2498 Cyrillo

211 2525 312 2586 verbis
336 2524 387 2585 καὶ
406 2520 478 2600 μεθ’
497 2522 591 2600 ἕτερα
610 2520 707 2585 πάλιν
726 2525 868 2604 indicata,
892 2541 1018 2602 quorum
1042 2524 1135 2584 altero
1155 2525 1203 2585 dei
1225 2509 1365 2586 notitiam

211 2630 381 2692 hominihus
410 2639 514 2691 natura
547 2630 643 2690 datam
672 2648 737 2690 esse
771 2631 943 2710 exponitur,
974 2630 1067 2691 altero
1096 2641 1238 2709 quantum
1268 2632 1368 2694 valeat

212 2736 327 2797 caelum
354 2739 384 2796 in
413 2736 565 2796 hominurn
593 2736 629 2797 de
658 2736 713 2796 deo
743 2739 907 2797 sententiis.
950 2735 1028 2814 Ergo
1056 2735 1180 2797 dubium
1206 2756 1272 2798 esse
1301 2756 1366 2799 nou

212 2850 321 2923 potest,
340 2845 412 2921 quin
431 2843 605 2922 deprompta
625 2844 684 2902 sint
701 2841 774 2902 haec
794 2843 957 2921 fragmenta
977 2860 1012 2902 ex
1030 2845 1125 2920 prima
1143 2843 1368 2906 dissertationis

213 2957 306 3029 parte.
344 2948 435 3009 Cuius
458 2951 576 3011 initium
600 2950 686 3018 nobis
709 2956 858 3011 servatum
883 2967 947 3009 esse
972 2967 1031 3009 non
1056 2949 1184 3031 videtur,
1213 2969 1283 3012 cum
1308 2971 1366 3013 vor

214 3057 311 3117 τοῦτο
335 3057 365 3115 in
385 3056 540 3136 fragmenti
559 3077 589 3136 p.
604 3054 679 3117 5213
702 3056 781 3116 allati
800 3055 898 3117 verbis
917 3052 966 3117 ὅτι
985 3054 1021 3117 δὲ
1040 3053 1079 3117 οὐ
1099 3056 1267 3134 διδακτὸν,·
1279 3054 1369 3121 ἀλλὰ

216 3160 308 3237 poco
331 3164 446 3224 τοῦτο
470 3165 537 3224 τοῖς
557 3159 739 3238 ἀνθρώποις
758 3159 893 3238 ὑπάρχει
913 3172 1028 3242 spectet
1046 3163 1156 3242 aliquid
1176 3164 1255 3242 quod
1278 3183 1368 3244 prae·

216 3271 339 3329 missum
354 3278 429 3350 erat3
450 3270 538 3330 verba
553 3270 666 3330 scilicet
680 3268 718 3330 τὸ
733 3267 851 3331 εἰδέναι
866 3266 950 3331 θεόν.
980 3270 1175 3331 Grammatico
1194 3272 1367 3332 nisiinter·

216 3375 337 3435 cederet
359 3378 444 3457 ratio,
468 3377 540 3436 nihil
559 3376 732 3456 prohiberet
753 3394 807 3435 nos
829 3385 934 3455 putare
958 3379 1075 3436 initium
1099 3379 1214 3456 cepisse
1237 3379 1369 3456 primam

216 3481 432 3542 dissertationis
442 3491 556 3562 partem
567 3482 603 3542 ab
614 3501 649 3542 eo
660 3484 745 3544 otrius
757 3486 936 3544 mentionem
946 3484 1033 3544 modo
1049 3484 1106 3545 leci
1116 3486 1290 3562 fragmento.
1312 3483 1369 3546 Cui

217 3605 293 3666 quae
313 3590 459 3648 sententia
477 3591 626 3668 praemitti
644 3592 775 3669 potuerit
796 3574 932 3669 equidem
951 3593 1064 3669 ignoro.
1088 3591 1148 3651 lam
1163 3607 1233 3650 vero
1248 3600 1370 3651 antece·

218 3694 293 3754 dunt
306 3692 444 3754 lulianeis
459 3694 531 3755 haec
546 3695 646 3775 Gyrilli
661 3696 762 3757 verba:
782 3693 999 3772 διιεχυρίζεται
1014 3696 1072 3772 μὲν
1086 3694 1147 3772 γὰρ
1166 3691 1220 3778 (sc.
1236 3691 1370 3760 Ἰουλια-

219 3795 289 3880 νὸς)
303 3796 348 3863 ὼ(
361 3795 531 3862 ἀδίδακτόν
545 3820 573 3863 τι
589 3805 692 3878 χρῆμα
707 3801 758 3864 καὶ
771 3800 948 3878 αὐτομαθέ(
959 3800 1085 3883 <ἑετιν>
1092 3798 1117 3885 ¹)
1131 3798 1317 3879 ἀνθρώποις
1331 3801 1372 3867 τὸ

219 3904 337 3970 εἰδέναι
351 3905 440 3969 θεὸν·
455 3906 530 3983 φηεὶ
545 3908 581 3970 δὲ
595 3907 712 3971 οὕτως·
726 3944 777 3970 -.
803 3910 883 3980 erac
895 3909 1021 3989 Cyrillus
1031 3929 1099 3972 cum
1114 3911 1294 3991 scripsisset,
1309 3930 1372 3974 non

219 4015 316 4094 potuit
335 4032 393 4074 non
413 4023 528 4075 mutare
547 4014 652 4077 Iuliani
671 4016 772 4098 verba,
795 4019 820 4077 si
839 4016 903 4077 loco
923 4016 1006 4076 verbi
1024 4017 1121 4078 τοῦτο
1140 4016 1373 4080 inveniebantur

220 4119 308 4180 verba
322 4117 360 4180 τὸ
375 4116 493 4182 εἰδέναι
508 4118 593 4185 θεόν.
626 4122 707 4193 Quae
722 4141 829 4183 censeo
845 4120 1030 4201 subroganda
1044 4124 1158 4182 esse'in
1173 4121 1271 4184 locum
1288 4127 1373 4186 vocis

219 4228 326 4288 τοῦτο.
364 4226 449 4297 Quod
468 4230 494 4288 si
513 4231 661 4310 statueris,
681 4248 769 4290 causa
788 4248 847 4289 non
862 4238 917 4310 est,
935 4248 990 4290 cur
1007 4231 1124 4290 initium
1145 4231 1260 4309 cepisse
1275 4249 1374 4310 neges

294 4453 320 4522 1)
338 4452 444 4522 Vocem
462 4455 533 4509 leno
553 4454 681 4524 equidem
700 4453 798 4509 adieci.
