2926 5040
146 347 188 411 26
651 347 743 416 Caput
761 348 780 400 Ι.

147 516 361 574 commentario
390 531 457 573 eum
485 514 583 573 locum
611 513 761 573 illustrare
790 513 890 592 veliet,
919 511 1009 571 scribi
1038 530 1098 574 non
1127 522 1303 594 potuerunt.

145 619 248 698 Neque
267 620 322 679 alia
341 628 387 681 est
404 638 454 680 res
473 622 503 680 ih
524 619 688 699 fragmento
708 619 809 680 altero.
846 619 880 678 ln
900 638 935 679 eo
955 638 1014 698 qno
1034 620 1071 680 de
1092 619 1190 681 Lucae
1211 640 1303 682 versu

145 726 293 787 disserere
317 727 459 786 voluisset
478 725 653 786 Theodorus
677 744 773 805 neque
793 725 976 786 Fritzschius
1000 725 1073 787 dixit
1097 745 1194 805 neque
1215 730 1300 806 equi·

145 833 213 894 dem
242 833 341 894 dicere
369 851 500 912 possum.
538 831 595 892 Sed
627 851 695 892 cum
722 834 752 891 in
784 851 820 891 eo
849 840 1022 913 quaeratur,
1055 852 1111 911 qua
1142 834 1178 893 de
1210 852 1302 894 causa

146 942 317 1019 saepissime
337 947 551 999 commutatum
575 942 614 999 sit
640 938 720 998 orbis
740 948 888 999 terrarum
907 941 1075 1020 imperium,
1098 960 1157 1001 non
1177 940 1301 1002 difficile

147 1055 193 1107 est
221 1046 388 1126 intellectu,
415 1065 472 1125 qua
502 1065 533 1106 re
564 1054 718 1126 permotus
751 1048 838 1106 etiam
871 1046 950 1106 hunc
979 1047 1077 1108 iocum
1105 1050 1302 1127 exscripserit

147 1162 312 1233 excerptor.
352 1155 457 1232 Agitur
486 1156 564 1213 enim
592 1156 622 1214 in
653 1156 690 1213 iis
718 1156 790 1233 ipsis
820 1173 895 1232 quae
924 1154 1011 1214 modo
1039 1155 1123 1215 attuli
1147 1155 1301 1216 Theodori

147 1259 246 1319 verbis
275 1260 311 1320 de
340 1259 477 1320 omnihus
510 1260 680 1321 hominihus
707 1268 840 1339 ternpore
869 1259 979 1320 Christi
1011 1263 1042 1321 in
1074 1263 1164 1321 unius
1196 1261 1300 1341 populi

147 1373 323 1444 potestatem
343 1367 478 1428 redactis.
517 1366 576 1427 larn
597 1386 665 1427 vero
686 1369 783 1427 omnia
803 1385 877 1445 quae
897 1367 1070 1428 Muenterus
1090 1367 1189 1428 attulit
1203 1367 1299 1428 Theo-

137 1472 213 1553 ,dori
237 1473 398 1552 fragmenta
422 1482 544 1554 propter
562 1473 667 1534 tuliani
691 1474 831 1551 quasdam
855 1475 1018 1534 sententias
1042 1473 1190 1552 disputata
1215 1484 1299 1556 sunt3

147 1586 235 1657 atque
264 1583 295 1639 in
324 1580 415 1641 altero
440 1583 528 1641 etiarn
557 1590 586 1641 et
609 1589 692 1641 sexto
721 1581 884 1661 fragmento
913 1599 977 1641 rem
1005 1583 1045 1641 ita
1073 1599 1104 1641 se
1132 1579 1243 1642 hahere
1268 1585 1298 1642 in

148 1687 242 1765 capite
267 1685 359 1746 altero
384 1688 551 1767 ostendam,
580 1688 630 1748 uhi
659 1687 781 1749 uberius
810 1688 845 1748 dc
875 1690 911 1748 iis
934 1688 1082 1768 agendum
1106 1689 1171 1749 erit.
1215 1690 1299 1761 Quae

148 1811 216 1853 oum
240 1795 280 1853 ita
304 1796 377 1875 sint,
400 1797 508 1855 mirum
529 1797 592 1855 sine
615 1793 704 1854 dubio
728 1794 845 1855 videtur
868 1797 898 1854 in
918 1794 1055 1855 omnihus
1080 1795 1126 1855 his
1150 1796 1298 1875 fragmen-

148 1903 185 1960 tis
205 1900 240 1960 de
260 1901 371 1961 Iuliano
392 1904 450 1982 agi,
475 1904 499 1961 si
519 1920 550 1962 re
570 1920 638 1961 vera
658 1920 693 1961 ex
713 1905 925 1962 commentario
947 1905 976 1962 in
996 1901 1093 1962 Lucae
1113 1903 1300 1982 evangelium

147 2011 259 2087 scripto
284 2017 422 2088 excerpta
447 2017 531 2089 suut3
562 2011 736 2088 praesertim
761 2027 828 2068 cum
858 2011 887 2068 in
916 2008 980 2068 aliis
1009 2011 1231 2069 commentariis
1261 2029 1299 2070 ne

148 2133 207 2174 uno
223 2115 343 2194 quidem
357 2115 422 2175 loco
437 2115 543 2176 Iuliani
557 2117 737 2175 mentionem
758 2116 862 2175 fecerit
876 2115 1060 2176 Theodorus.
1094 2115 1189 2186 Quem
1209 2119 1299 2177 etiam

147 2223 176 2281 in
201 2224 413 2282 commentario
437 2225 467 2282 in
490 2222 543 2282 xii
566 2222 726 2302 prophetas
750 2225 862 2302 scripto
886 2222 1009 2299 uberius
1028 2231 1130 2283 contra
1150 2223 1298 2285 lulianum

147 2329 324 2389 disseruisse
350 2329 422 2389 salso
446 2330 520 2390 dixit
542 2330 724 2390 Fritzsohius
747 2350 774 2409 p.
800 2328 856 2411 813
884 2333 914 2390 in
939 2338 1020 2390 vasto
1044 2333 1123 2390 cuim
1148 2331 1298 2391 volumine

147 2455 183 2496 ne
209 2455 286 2496 unus
310 2436 430 2515 quidem
454 2438 518 2497 eius
548 2437 625 2496 modi
653 2436 737 2496 locus
761 2439 919 2497 invenitur.
960 2436 1068 2496 Carere
1096 2439 1187 2514 igitur
1215 2441 1300 2498 omni

147 2545 279 2603 veritatis
303 2545 401 2622 specie
421 2542 576 2603 Fritzschii
605 2546 782 2604 seutentiam
806 2546 943 2622 quoniam
969 2544 1098 2624 ostendi,
1128 2563 1209 2605 nuuc
1232 2564 1299 2605 rern

148 2651 253 2709 afferre
278 2650 349 2708 mihi
374 2649 460 2709 liceat
483 2668 549 2708 meo
574 2651 693 2728 quidem
717 2650 825 2711 iudicio
845 2652 1055 2729 gravissimam.
1094 2649 1135 2711 De
1159 2670 1195 2711 eo
1220 2653 1300 2733 frag-

147 2765 246 2816 mento
280 2756 365 2815 nohis
393 2755 538 2835 agendum
567 2766 625 2837 est,
659 2776 717 2835 quo
748 2756 922 2818 Theodorus
955 2759 1108 2836 impugnat
1138 2776 1299 2820 censuram

146 2881 234 2942 quam
271 2863 411 2922 historiae
446 2864 617 2923 tentationis
651 2863 760 2923 Christi
794 2866 854 2941 egit
890 2862 1020 2923 lulianus
1049 2882 1076 2941 p.
1103 2861 1153 2945 12,
1172 2863 1215 2925 22
1231 2885 1298 2946 sqq.

146 2970 249 3049 Neque
282 2972 360 3030 enim
391 2969 574 3029 Christianae
614 2969 764 3048 religionis
797 2970 982 3028 adversarius
1015 2969 1104 3029 huius
1138 2974 1181 3031 rei
1214 2972 1300 3034 fonte

148 3079 266 3137 omnino
292 3095 364 3136 usus
388 3087 433 3137 est
452 3076 549 3136 Lucae
574 3077 733 3157 evangelio,
757 3077 808 3137 sed
833 3079 884 3155 qui
907 3076 943 3136 ah
967 3076 1016 3135 iiio
1036 3077 1241 3156 compluribus
1267 3082 1298 3139 in

147 3186 237 3246 rebus
256 3184 356 3245 differt
374 3184 533 3264 Matthaeo;
557 3184 586 3243 id
607 3184 684 3262 quod
704 3184 815 3262 fugisse
836 3184 951 3244 videtur
972 3183 1140 3262 theologum
1160 3184 1299 3247 doctissi-

148 3310 235 3353 mum.
272 3292 345 3351 Nam
366 3290 401 3350 ad
421 3310 539 3350 versum
558 3289 611 3351 ἐπὶ
631 3290 725 3351 παντὶ
745 3288 857 3367 ῥήματι
877 3293 961 3366 θεοῦ,
981 3310 1044 3370 pag.
1063 3288 1177 3372 13,18,
1201 3291 1298 3354 libere

148 3399 281 3459 adnotat:
310 3398 346 3458 oi.
370 3397 440 3456 Luc.
464 3394 495 3477 4,
518 3395 547 3457 4.
591 3396 628 3457 At
656 3399 734 3456 enirn
767 3399 791 3456 is
824 3416 928 3456 versus
960 3399 991 3456 in
1019 3397 1115 3458 Lucae
1144 3400 1299 3478 evangetio

148 3507 269 3565 omnino
294 3523 353 3564 non
376 3505 540 3583 invenitur,
564 3503 614 3562 sed
639 3523 654 3563 a
678 3502 823 3562 Matthaeo
849 3499 908 3583 (lV,
931 3496 967 3584 4)
992 3506 1103 3582 petitus
1127 3514 1184 3586 est,
1209 3509 1299 3568 cuius

147 3610 235 3671 verba
259 3610 331 3670 haec
359 3619 441 3670 sunt:
469 3605 602 3670 οὐκέτ’
626 3605 711 3688 ἄρτῳ
731 3606 819 3688 μόνῳ
839 3609 962 3685 Ζήεεται
981 3606 1000 3668 ὁ
1020 3605 1198 3688 ἄνθρωπος,
1222 3608 1302 3674 ἀλλ’

146 3716 199 3778 ἐπὶ
213 3715 307 3777 παντὶ
327 3713 438 3792 ῥήματι
453 3715 698 3795 ἐκπορευομένῳ
713 3714 765 3775 διὰ
779 3713 933 3790 ετόματοε
948 3719 1034 3777 θεοῦ.
1062 3717 1164 3795 Neque
1182 3722 1295 3781 rectius

146 3825 182 3885 ad
211 3824 307 3884 Lucae
332 3844 357 3883 v.
381 3820 457 3883 1V3
490 3822 670 3882 Fritzscths
699 3841 753 3882 nos
781 3831 899 3883 revocat
927 3825 958 3883 in
986 3823 1174 3884 adnotatione
1203 3825 1237 3884 ad
1269 3847 1298 3906 p.

149 3929 199 4009 13,
223 3929 278 3993 20:
302 3928 371 3992 εἰπὲ
390 3927 443 3991 ίνα
463 3926 494 3991 οἱ
513 3927 594 3990 λίθοι
614 3925 703 4005 ἄρτοι
727 3927 886 4005 γίνωνται,
910 3949 977 3991 oum
998 3929 1094 3990 Lucae
1115 3932 1202 3992 verba
1221 3932 1297 3995 haec

148 4042 220 4100 sint:
253 4037 322 4101 είπὲ
349 4040 396 4118 τῷ
424 4035 501 4117 λίθῳ
525 4035 630 4118 τούτῳ
657 4035 711 4097 ἵνα
738 4035 867 4111 γένηται
896 4032 1004 4113 ἄρτοι,
1033 4037 1172 4098 Matthaei
1195 4048 1297 4100 autem

147 4141 197 4225 (IV
222 4143 257 4227 3)
286 4143 353 4206 εἰπὲ
381 4141 435 4205 ἵνα
464 4141 494 4205 οἱ
525 4142 606 4207 λίθοι
630 4141 719 4205 οῦτοι
748 4140 838 4220 ἄρτοι
865 4143 1022 4217 γένωνται
1051 4145 1163 4204 iontem
1191 4144 1298 4207 Iuliani

147 4251 204 4312 hoc
223 4251 287 4313 loco
306 4271 337 4312 se
357 4271 423 4312 esse
444 4251 678 4312 luculentissime
701 4251 913 4312 demonstrent.
950 4251 1011 4312 Nec
1035 4254 1127 4329 magis
1145 4271 1174 4330 p.
1192 4250 1298 4331 14,19

131 4356 236 4417 “verba
255 4354 284 4418 τί
303 4357 337 4419 δὲ
358 4355 533 4435 θαυμάζειε,
552 4354 571 4418 ὅ
590 4376 619 4418 τι
639 4358 679 4434 μὴ
699 4353 793 4418 ὄντος
812 4354 908 4434 ὄρουε
928 4355 1055 4435 ὑψηλοῦ
1074 4357 1110 4419 ἐν
1129 4362 1167 4440 τῇ
1187 4356 1298 4440 ἐρήμῳ

148 4463 274 4538 λέγεται
302 4461 321 4523 ὁ
349 4462 498 4542 διάβολοι
531 4462 706 4539 ἀναγαγεῖν
739 4461 837 4525 αὐτὸν
865 4461 909 4525 εἰ(
941 4460 1017 4540 ὄροε
1048 4462 1175 4541 ὑψηλὸν
1208 4462 1297 4541 λίαν;
