2926 5040
212 338 274 400 106
704 339 807 423 'Caput
824 339 858 394 ll.

208 505 436 583 comparandam
452 525 520 566 utrm
536 505 712 567 ludaeorum
727 505 872 584 theologia
882 506 1013 565 l'laurnis
1023 504 1248 584 philosophiam.
1273 503 1362 576 Quod

209 614 234 671 si
248 630 365 672 utentem
380 612 495 693 statuis,
515 631 574 672 non
589 612 660 673 mihi
675 612 887 692 adversaberis,
906 614 932 671 si
947 613 1093 689 incepisse
1108 611 1258 672 contendo
1272 611 1363 671 lulia-

207 736 278 778 num
294 718 416 779 alteram
435 717 643 796 disputationis
663 720 811 797 partem‘a
831 718 995 796 fragmento
1015 737 1043 796 p.
1057 715 1134 779 44n
1149 737 1206 796 sq:
1230 715 1363 780 Οὐκοῦν

205 812 357 899 Ἕλληνες
377 823 434 899 μὲν
452 824 528 885 τοὺ(
548 822 666 899 μύθου(
685 822 827 887 ludetur
846 822 927 901 ὑπὲρ
945 826 1011 885 τῶν
1029 826 1115 888 θεῶν
1134 822 1286 887 unierunt
1308 823 1363 886 καὶ

206 929 394 1005 repertione
408 928 469 991 κτὲ.
510 930 587 1001 Quid
603 940 701 992 antem
716 931 773 992 sihi
788 931 850 992 vult
864 931 1007 1010 particula
1023 928 1164 993 odnoirv?
1192 931 1285 992 Cuius
1301 933 1362 990 vim

206 1037 262 1097 hoe
281 1036 347 1097 loco
367 1040 392 1097 si
407 1056 472 1098 esse
488 1040 594 1099 statuis
608 1039 730 1098 eandem
749 1047 837 1116 atque
852 1037 1013 1116 particulae
1033 1038 1140 1098 latinae
1155 1033 1279 1116 ‘igitur’‚
1299 1056 1362 1116 quo

207 1144 371 1203 sententiae
388 1144 505 1204 vinculo
520 1146 717 1224 coniungatur
736 1146 933 1222 fragmentum
949 1141 1025 1205 44a
1041 1151 1084 1223 sq.
1103 1162 1171 1205 crim
1191 1144 1363 1222 fragmento

207 1246 282 1310 6913
298 1268 372 1328 sqq,
391 1252 499 1329 prioris
519 1252 612 1329 partis
627 1250 739 1330 ultimo,
753 1251 890 1331 equidem
906 1250 1005 1310 dicere
1020 1269 1079 1310 nou
1094 1268 1224 1330 possum.
1237 1316 1241 1323 .
1255 1250 1365 1313 Potest

207 1364 304 1416 atatem
319 1355 462 1435 particula
478 1353 596 1418 οὐκοῦν
611 1359 698 1417 etiam
713 1357 792 1417 idem
807 1358 973 1436 significare
983 1367 1072 1437 atque
1083 1352 1187 1436 ‘sane',
1201 1356 1367 1417 vernacula

206 1463 305 1541 lingua
329 1458 422 1523 ‘doch
446 1459 589 1545 lreilich'‚
612 1459 820 1544 ‘allerdiugs’3
849 1471 938 1542 atque
967 1481 1032 1524 eam
1051 1466 1108 1524 vim
1132 1461 1277 1524 hocloco
1303 1471 1363 1523 sta-

208 1569 363 1629 stueudam
388 1588 452 1629 esse
477 1588 594 1630 censeo.
630 1569 808 1650 Fragments
831 1572 910 1631 enim
934 1568 1085 1649 oonsqq.
1109 1578 1289 1648 exposuerat
1312 1568 1363 1629 lu·

207 1677 302 1737 lienus
326 1686 390 1738 rect
398 1677 497 1736 issime
522 1676 656 1737 homines
675 1680 801 1758 sentire,
824 1679 849 1736 si
869 1676 998 1737 divinum
1022 1676 1165 1737 honorem
1189 1673 1366 1736 trihuercnt

207 1780 296 1841 caelo.
334 1782 480 1842 Attulerat
503 1785 593 1861 igitur
618 1785 794 1843 seutentiam
818 1782 904 1842 laude
923 1782 1049 1860 dignam.
1090 1783 1150 1843 lam
1174 1799 1243 1840 vero
1263 1775 1364 1840 ‘labu-

208 1887 251 1948 las
271 1883 353 1948 sanc'
372 1890 469 1967 inquit
488 1884 615 1969 ‘lingunt
634 1889 739 1950 Graeci
758 1890 794 1949 de
814 1890 859 1950 dis
879 1908 928 1950 eas
946 1908 1022 1968 quae
1042 1891 1123 1950 credi
1141 1908 1200 1949 uon
1220 1884 1364 1968 possint.

207 1994 285 2072 Ergo
309 1997 419 2073 optime
438 1996 598 2056 cohaerent
617 1995 720 2056 loliani
739 1995 828 2055 verba
849 2014 917 2055 eum
941 1997 986 2076 iis,
1010 2014 1085 2074 quae
1108 1997 1270 2075 praemissa
1290 2013 1363 2055 esse

207 2101 313 2160 statui.¹
329 2099 414 2160 Nurrc
428 2120 498 2161 vero
513 2103 649 2180 quaestio
664 2109 718 2181 est,
738 2120 812 2180 quae
828 2109 929 2161 secuta
944 2103 1004 2162 sint
1019 2103 1216 2180 fragmentum
1230 2097 1363 2180 44hsq.

207 2207 302 2286 Atque
331 2207 511 2287 Dargeusius
539 2210 665 2269 coniecit
699 2215 835 2269 sectatum
868 2227 934 2269 esse
968 2210 1165 2287 fragmentum
1192 2205 1271 2268 49a
1292 2227 1362 2287 sqq.

208 2315 299 2374 Cuius
323 2317 469 2395 sententia
493 2334 528 2376 eo
553 2334 610 2376 non
635 2315 876 2394 commendatur,
902 2315 980 2393 quod
1005 2325 1126 2375 coactus
1150 2323 1196 2374 est
1218 2313 1361 2383 lacunam

209 2429 348 2482 statuere.
385 2421 501 2483 Adiecit
528 2425 606 2483 enirn
636 2424 873 2502 interpretationi
901 2440 970 2482 suae
995 2421 1229 2500 Francogallicae
1264 2421 1358 2482 rerba

204 2527 289 2588 haec:
314 2524 497 2589 ‘examinans
518 2547 551 2589 co
575 2527 678 2607 qu’ont
697 2527 740 2589 dit
763 2528 806 2588 les
825 2528 1009 2608 legislateurs
1029 2536 1059 2588 et
1078 2527 1121 2588 les
1145 2523 1361 2607 philosophes'.

207 2633 244 2693 Et
262 2636 292 2694 in
312 2633 500 2695 adnotatione
522 2635 739 2695 animadvertit:
763 2630 827 2694 tl'ai
847 2635 945 2715 ajoule
965 2635 1027 2695 cola
1049 2653 1085 2694 au
1105 2642 1184 2695 texte
1204 2652 1281 2712 pour
1300 2633 1362 2694 lier

206 2740 232 2800 le
257 2759 340 2821 sens,
362 2743 414 2819 qui
437 2745 532 2820 paruit
556 2743 594 2801 ici
617 2760 657 2801 un
681 2760 740 2820 peu
763 2736 970 2820 interrempu'.
1008 2740 1093 2811 Quod
1113 2742 1228 2801 etiamsi
1251 2738 1360 2819 largia-

206 2865 287 2907 mur:
314 2849 435 2907 minime
458 2847 487 2908 id
512 2850 571 2927 egit
594 2847 738 2927 lallando,
767 2857 800 2908 ut
828 2857 1014 2926 compararet
1036 2847 1218 2907 Graecorum
1242 2845 1362 2907 fabulas

206 2973 274 3014 cum
298 2953 541 3033 philosophorum
563 2954 715 3014 doctrinis.
752 2954 817 3014 Huc
836 2953 960 3034 accedit,
983 2953 1061 3032 quod
1086 2954 1123 3031 lg.
1138 2949 1181 3013 49
1197 2971 1260 3032 sqq.
1285 2971 1359 3014 con·

208 3062 345 3120 teruntur
364 3060 494 3120 Platonis
517 3068 547 3120 et
565 3060 656 3119 Masis
679 3063 852 3120 sententiae.
889 3059 968 3138 Ergo
992 3077 1116 3137 prorsus
1140 3057 1291 3127 reicienda
1312 3071 1361 3121 est

205 3167 358 3245 Dargensii
378 3170 557 3228 coniectura.
597 3167 699 3245 Neque
719 3169 965 3245 veroquisquam
987 3167 1147 3244 vituperari
1166 3184 1254 3243 posse
1272 3177 1361 3246 puto,

206 3276 231 3333 si
259 3283 395 3334 secutum
423 3293 488 3335 esse
516 3292 622 3334 censes
656 3266 852 3352 lragmerrtu’m
880 3293 909 3353 p.
930 3269 1000 3333 ihd
1022 3291 1064 3351 sq.
1106 3271 1245 3332 Extrema
1274 3277 1359 3335 euim

205 3380 363 3458 fragmenti
390 3377 467 3441 44Α
487 3398 530 3458 sq.
563 3378 651 3440 verba
679 3380 798 3439 sumant
827 3378 913 3439 haec:
950 3378 1081 3438 τοιαῦτα
1109 3373 1140 3437 οἱ
1168 3379 1261 3453 μῦθοι
1289 3381 1360 3442 τῶν

204 3484 366 3562 Ἑλλήνων
385 3484 490 3562 pactu
527 3487 609 3558 Quae
629 3484 935 3568 excipiunturverbis
958 3485 1116 3561 fragmenti
1137 3481 1211 3544 tcta
1226 3503 1269 3563 sq.
1296 3489 1358 3565 pri·

206 3595 274 3653 mis:
298 3589 423 3654 codrot(
447 3589 632 3669 παράβαλλε
657 3592 715 3676 τὴν
738 3587 910 3667 Ἰουδαϊκὴν
934 3586 1138 3650 autumentur
1156 3601 1210 3650 etc.
1249 3589 1358 3670 Neque

207 3708 352 3781 repugnat
370 3700 458 3760 huius
478 3701 634 3779 fragmenti
649 3708 863 3778 argumentum.
902 3697 967 3768 Οιιο
985 3715 1052 3757 cum
1067 3695 1104 3758 de
1123 3694 1257 3757 mulieris
1272 3715 1357 3758 crea·
1444 3781 1447 3787 ι

207 3808 285 3867 tione
306 3806 393 3866 verba
413 3808 533 3868 lecisset
551 3807 691 3886 lulianus
713 3807 819 3867 adiecit
837 3806 938 3866 ταῦτα
956 3800 1017 3879 γάρ
1036 3801 1100 3866 test
1123 3798 1253 3879 μυθώδη
1272 3821 1358 3865 παν·

205 3914 314 3975 scidae.
356 3912 394 3973 Et
421 3916 452 3973 in
483 3915 648 3992 fragmento
672 3910 762 3992 86Α,
791 3910 869 3991 quod
893 3913 1046 3990 excepisse
1071 3911 1109 3989 lg.
1130 3907 1260 3988 ihhsq.
1290 3912 1359 3990 ipse

206 4019 332 4099 Cyrillus
354 4021 440 4080 testis
459 4015 541 4101 est,¹)
566 4027 681 4080 exstant
699 4019 786 4079 haec:
810 4016 861 4080 καὶ
879 4015 909 4077 τὶ
927 4016 1074 4093 διαφέρει
1093 4017 1159 4080 τῶν
1178 4014 1267 4093 παρὰ
1286 4020 1359 4081 tuit

204 4123 329 4201 ‘'thucr
349 4124 581 4201 πεπλαεμένων
600 4123 709 4201 μύθων
732 4122 772 4186 τὰ
794 4126 938 4196 roraham
971 4123 1081 4184 Eadem
1104 4124 1195 4202 igitur
1215 4143 1291 4186 usus
1310 4137 1361 4190 est

277 4368 304 4434 1)
324 4367 386 4421 ssu
400 4369 565 4435 προεεπάγει
581 4368 610 4420 δὲ
625 4366 667 4420 οῖ(
681 4368 736 4432 ἔφη
752 4365 848 4434 (Marc.
861 4371 910 4417 123
926 4367 955 4418 et
965 4366 1034 4418 Aub.
1049 4366 1132 4432 ἔφην,
1148 4362 1228 4418 ‘dixi'
1245 4365 1360 4438 Oecol.)

207 4459 251 4511 nul
269 4458 351 4524 ἕτερα
370 4458 440 4534 ἄττα
459 4456 590 4524 ευνείρων
609 4457 691 4513 εὐθὺς
709 4457 725 4509 ὁ
743 4455 885 4521 πάνεοφοε
904 4455 1057 4516 Ἰουλιανός.
