2926 5040
468 314 509 367 De
527 311 629 367 Iuliani
647 311 781 368 librorum
800 313 874 367 iniis.
1067 312 1098 323 ‘'
1203 313 1244 377 67

91 476 293 556 ἐγκλήματα(
307 474 572 555 ἀπαλλάττεεθαι,
593 476 643 540 καὶ
661 481 729 541 scic
748 475 901 542 αἰτιᾶεθαι
916 477 1084 554 μέλλουειν
1100 486 1246 556 προαπο-

92 579 236 666 ve'ue1v1)
259 582 316 647 τὰ(
339 582 511 661 θεραπεία(
534 583 585 647 καὶ
608 582 709 661 πάεηε
733 582 834 647 αἰτία(
853 579 1168 669 πρααπονίψατθαιῖ)
1191 584 1245 663 ῥύ-

93 709 171 768 πον,
194 690 268 767 πρὶν
286 688 326 753 ἀν
345 691 491 769 πέεωμεν
510 689 554 754 εἰ(
573 689 630 754 τὰ(
648 691 721 770 περὶ
739 690 864 754 τούτων
883 689 1026 755 κολάεειε
1044 690 1095 754 καὶ
1119 689 1244 769 εἰεπρα·

92 798 224 876 χθῶρεν
245 795 302 861 rec
325 795 414 860 δίκαε
437 796 525 875 παρὰ
547 800 605 861 τοῦ
629 796 751 861 δικαίου
775 797 949 876 κρίνοντοε.
1040 879 1043 886 ¹

656 975 684 1040 8.

185 1102 229 1163 Er
243 1102 347 1164 Lecnt.
366 1113 396 1165 ei
410 1103 510 1163 lcann.
526 1122 552 1183 p.
570 1099 642 1164 103.
675 1098 724 1165 Ἐκ
742 1104 800 1164 τοῦ
821 1095 860 1180 ιβ’
879 1105 945 1164 τῶν
964 1101 1045 1164 κατὰ
1062 1100 1244 1168 Ἰουλιανοῦ.

135 1237 140 1248 ·
184 1205 331 1287 Ἄριετον
354 1208 405 1271 καὶ
423 1208 527 1287 τοφὸν
546 1204 628 1270 εἶναί
651 1228 704 1285 μοι
723 1211 811 1271 δοκεῖ
829 1212 888 1271 τοῦ
912 1212 1023 1287 καιροῦ
1046 1213 1105 1272 τοῦ
1129 1213 1244 1290 πρατή-

91 1334 211 1378 κοντοε
235 1316 275 1393 μὴ
299 1312 542 1394 ἀφαμαρτάνειν
565 1314 752 1393 πράγμαειν.

660 1493 689 1556 9.

184 1619 229 1680 Ειι
242 1619 345 1682 Leoni„
365 1630 396 1682 et
409 1620 509 1681 Ioann.
523 1639 552 1700 p.
569 1617 640 1681 102.
674 1615 723 1682 Ἐκ
741 1620 800 1681 τοῦ
820 1612 858 1697 ιβ’
877 1619 944 1680 τῶν
964 1616 1043 1680 κατὰ
1063 1615 1244 1684 Ἰουλιανοῡ.

185 1724 254 1804 Οὐχ
277 1724 388 1791 ἁπλῶε
411 1724 430 1788 δ
450 1723 655 1803 ἀγωνοθέτηε
678 1729 746 1805 τοῖς
765 1726 908 1790 ἐθέλουει
931 1728 997 1788 τῶν
1018 1723 1167 1803 ἀθλητῶν
1190 1727 1246 1790 τὰ(
1299 1767 1301 1772 -

93 1833 277 1910 ἐξαιρέτουτ
309 1832 469 1911 χαρίζεται
496 1832 599 1911 τιμὰς,
632 1830 801 1908 ἀναλόγωε
830 1833 865 1895 δὲ
897 1834 1020 1911 μᾶλλον
1047 1830 1148 1917 τοῖοί)
1180 1837 1247 1898 τῶν

92 1937 284 2004 ἀθλούντων
308 1934 556 2025 εὐδοκιμήτατιί)
580 1940 720 2016 διανέμει
742 1938 782 2000 τὰ
804 1939 892 2017 γέρα.

645 2118 694 2181 10.

184 2244 228 2304 Er
253 2244 355 2306 Leout.
380 2256 410 2305 et
432 2245 532 2305 Ιοιιιιιι.
556 2264 583 2325 ρ.
601 2241 673 2305 102.
707 2239 756 2306 Ἐκ
779 2245 837 2305 τοῦ
861 2240 970 2304 αὐτοῦ.

184 2348 231 2412 Ῐό
254 2351 361 2428 νέμειν
384 2348 435 2413 ίεα
458 2352 526 2413 roi(
549 2346 667 2412 ἀνίεοιε
690 2353 746 2427 τῆε
771 2348 914 2427 μεγίετηε
937 2348 1022 2411 ἐττὶν
1045 2346 1174 2413 ἀδικίαε.

185 2457 246 2520 Gur
269 2461 309 2520 ita
333 2459 531 2540 disposuerim
555 2458 717 2539 fragmenta
739 2455 767 2518 7.
787 2455 815 2518 8.
837 2455 865 2516 9.
888 2454 937 2517 10,
966 2477 1002 2517 er
1025 2460 1061 2518 iis
1085 2459 1248 2543 apparebit,

94 2583 172 2645 quse
191 2567 337 2645 incapite
361 2565 453 2627 altero
477 2564 633 2645 disputabo
657 2565 693 2625 de
712 2565 817 2625 Iuliani
841 2567 997 2626 sententiis
1016 2584 1052 2625 ex
1072 2565 1246 2628 duodecimo

43 2736 53 2753 ‚
93 2671 197 2752 Cyriiii
220 2670 296 2732 libro
319 2672 495 2733 efficiendis.

646 2812 696 2876 11.

184 2940 287 3023 Mensi,
301 2959 375 3002 sacr.
391 2939 495 3001 concil.
515 2959 589 3000 nova
604 2938 723 3001 ccliiii
738 2959 766 3020 p.
781 2935 877 3000 4091]
888 2958 951 3018 sqq.
980 2935 1046 3003 Ἔτι
1061 2937 1245 3021 ἀνεγνώεθη

93 3045 131 3109 ἐκ
153 3049 213 3109 τοῦ
236 3045 337 3110 αὐτοῦ
360 3041 541 3129 κωδικίουῧ)
570 3047 677 3123 χρῆειε
700 3047 759 3107 τοῦ
787 3043 886 3107 αὐτοῦ
915 3043 1008 3120 ἁγίου
1033 3045 1188 3125 Κυρίλλου
1212 3049 1247 3112 ἐκ

91 3156 154 3216 τοῦ
172 3153 253 3217 κατὰ
265 3156 332 3216 τῶν
347 3150 521 3217 Ἰουλιανοθ
535 3151 705 3230 δογμάτων
726 3150 846 3231 βιβλίου
861 3151 969 3230 τρίτου
984 3149 1050 3215 ἀπὸ
1065 3152 1166 3229 λόγου
1184 3158 1245 3217 δω-

92 3257 241 3338 δεκάτου,
260 3258 337 3339 οὗὴ
358 3258 439 3339 ἀρχή
459 3257 617 3337 πειρᾶται
636 3257 727 3337 μὲνὸ
748 3255 787 3321 δι’
808 3255 976 3336 ἐναντίαθ,
995 3256 1111 3334 έχουεα
1130 3260 1246 3323 οὕτωτ·

170 3470 196 3537 1)
214 3471 419 3537 προαπονέμειν
438 3468 544 3540 scripsi.
562 3470 780 3536 προτάπονέμειν
799 3470 861 3540 (sic)
880 3469 1012 3537 Leqnien.

167 3561 195 3628 θ)
213 3559 456 3629 προαπονίφαεθαι
475 3559 581 3630 scripsi.
599 3559 855 3627 προεάπονίψαεθαι
874 3559 935 3627 (sic)
954 3558 1087 3626 Leqnien.

167 3651 195 3717 3)
212 3655 271 3704 τοί(
288 3648 395 3719 scripsi.
413 3656 474 3704 ταί(
491 3649 590 3704 Maius.

167 3739 195 3805 4)
214 3739 403 3808 εὐδοκιμήεαει
421 3737 527 3808 scripsi.
546 3739 731 3806 εὐδοκιμήεεει
749 3737 846 3792 Maius.

169 3826 197 3894 ὅ)
217 3826 309 3882 Marsi
327 3827 366 3881 XI
384 3845 412 3897 p.
433 3827 517 3881 892E
536 3844 595 3895 sqq.
625 3830 670 3880 rui
694 3827 825 3892 (ολομὼν
849 3827 865 3881 ὁ
888 3825 1098 3891 θεοεεβέετατοε
1121 3828 1248 3881 διάκονοι

88 3919 138 3971 καλ
152 3916 285 3984 νοτάριοε
297 3921 350 3971 τοθ
364 3918 452 3970 αὐτοῦ
467 3917 626 3981 ἁγιωτάτου
641 3917 852 3983 ἀρχιεπιεκόπου
869 3916 1077 3970 Κωνεταντίνου
1091 3917 1198 3969 πόλεως
1211 3916 1245 3968 τὸ

86 4005 242 4074 εἰρημένω
260 4012 319 4061 τῶν
336 4007 461 4074 χρήτεων
480 4005 610 4059 κωδίκιον
629 4005 750 4073 ἀνέγνω,
775 4007 839 4071 ἔχον
863 4006 893 4059 έν
912 4011 1063 4073 προγραφῇ
1084 4005 1128 4058 ἐπὶ
1145 4003 1246 4058 λέξεων

87 4098 200 4150 οὕτως·
219 4096 326 4163 χρήεειτ
339 4095 428 4160 ἁγίων
442 4098 487 4149 καλ
502 4095 635 4162 ἐκκρίτων
649 4095 779 4161 πατέρων
793 4095 959 4163 παριετώεαι
978 4093 1042 4162 (sici
1061 4092 1149 4148 scribe
1168 4109 1247 4160 παρι-

86 4186 199 4253 (τᾶεαι)
219 4185 269 4238 δύο
288 4185 430 4253 θελήματα
449 4186 493 4237 καλ
512 4185 563 4238 δύο
583 4183 722 4251 ἐνεργείας
740 4185 784 4238 ἐπὶ
802 4189 854 4237 τοῦ
873 4182 970 4250 κυρίου
990 4185 1034 4236 καί
1048 4185 1114 4236 θεοθ
1133 4184 1178 4235 καί
1198 4198 1247 4235 εω-

86 4279 182 4341 τήροτ
194 4275 277 4340 ἡμῶν
292 4275 376 4341 Ἰηεοθ
387 4275 511 4340 Χριττοῡ.
540 4272 700 4342 Sequuntur
713 4274 800 4328 verba
813 4273 979 4343 deprompta
993 4289 1027 4326 ex
1041 4270 1141 4325 Leonis
1155 4287 1247 4340 papae

87 4361 231 4431 Romani,
255 4361 410 4432 Ambrosii,
437 4361 549 4417 loannis
567 4362 769 4431 Chrysosinmi‚
793 4362 924 4429 aliorum,
949 4359 1047 4429 cyrilli
1065 4359 1247 4415 Alexandrini

87 4450 218 4521 scriptis.

997 4538 1034 4593 5*
