2926 5040
483 343 524 397 De
543 339 645 396 Iuliani
662 340 797 395 librorum
814 339 888 394 fatis.

661 541 712 604 29.

207 672 307 732 Sancti
330 670 440 750 Cyrilli.
472 670 516 730 Ex
539 669 615 730 libro
639 668 710 729 xvi.
735 667 881 728 adversus
903 665 1050 726 lulianum
1073 666 1206 743 impium.

206 780 320 858 Accipit
338 797 409 858 ergo
431 777 728 839 demonstrationem:
751 776 884 835 foramen
904 793 974 835 acus
994 781 1024 832 et
1042 770 1186 832 camelus:
1209 789 1268 831 non

116 885 232 967 animal,
256 893 290 946 ut
313 886 450 965 opinatur
470 883 600 945 lulianus
624 885 735 963 impius
754 891 784 942 et
804 884 924 942 omnino
947 882 1091 959 insipiens
1116 884 1146 938 et
1169 876 1269 957 idiota,

116 990 169 1053 sed
192 994 291 1071 potius
318 993 429 1054 rudens
453 1011 572 1053 crassus
596 993 648 1070 qui
677 993 707 1051 in
736 991 817 1050 omni
844 990 920 1049 navi,
957 987 1000 1048 lta
1024 988 1102 1047 enim
1131 1004 1195 1046 mos
1223 992 1268 1045 est

116 1099 288 1160 nominandi
311 1102 361 1181 iis,
385 1102 437 1181 qui
458 1099 538 1160 docti
563 1106 633 1159 sunt
656 1117 704 1159 res
728 1104 894 1158 nautarum.

663 1273 714 1337 30.

206 1403 251 1464 Ex
273 1402 376 1464 Leont.
400 1410 431 1463 et
453 1401 553 1463 loann.
576 1422 604 1482 p.
627 1398 689 1462 103
709 1408 740 1461 et
761 1398 833 1462 107.
870 1394 920 1462 Ἐκ
938 1400 997 1460 τοῦ
1019 1391 1058 1463 ις’
1082 1394 1182 1471 λόγου
1203 1399 1269 1459 τῶν

115 1508 198 1573 κατὰ
219 1504 430 1592 ἸουλιανοῦᾹ)
1180 1587 1182 1591 Ι

204 1614 242 1680 Ὁ
268 1619 336 1678 τοῑε
368 1612 550 1693 ἀνθρώποις
584 1611 726 1692 ἀρέεκιυν
760 1613 836 1677 τοὺς
869 1610 950 1691 παρ’
983 1611 1091 1675 αὐτῶν
1119 1608 1271 1674 ἐπαίνου(

116 1721 186 1800 ἔχοι
205 1717 277 1806 ἄν’)
302 1720 431 1789 εἰκότως
452 1721 497 1786 εἰς
515 1720 707 1800 ἀντιμιεθίαε
726 1721 869 1799 δύναμιν.
902 1717 1040 1798 λήψεταί
1059 1739 1096 1793 γε
1120 1721 1181 1797 μὴν
1204 1722 1271 1782 τῶν

116 1829 205 1909 παρὰ
228 1833 304 1894 θεοῦ
328 1830 365 1894 τὸ
390 1830 514 1908 εύμπαν
538 1827 650 1893 οὐδέν·
675 1826 843 1906 εὐανδρία(
862 1825 933 1904 γὰρ,
957 1830 1012 1904 τῆ(
1031 1825 1084 1889 ἐπὶ
1102 1830 1160 1905 γῆ(
1182 1846 1271 1904 φημι,
1325 1866 1329 1871 -

115 1936 154 2000 τὸ
173 1934 296 2011 ἀγαθὸν
316 1937 373 2000 οὐκ
392 1936 491 2000 αὐτὸν
510 1935 656 2015 ἐπόπτην
675 1935 803 2013 ἐποίηεε
824 1936 955 2012 μᾶλλον,
977 1933 1061 1997 ἀλλὰ
1078 1937 1145 1997 τῶν
1164 1932 1266 2012 όρών-
1313 2008 1317 2015 Ι

116 2063 184 2109 των
207 2044 283 2108 τοὺς
307 2043 502 2123 ὀφθαλμούς.
751 2105 753 2110 .

665 2168 716 2232 31.

208 2296 237 2357 S.
261 2295 361 2376 Cyrilli
385 2315 420 2356 ex
449 2296 524 2357 libro
549 2297 620 2357 XVl.
649 2297 791 2357 adversus
820 2295 965 2356 lulianum
990 2295 1174 2375 Apostatam,
1201 2313 1269 2355 cum

116 2403 268 2463 Christum
294 2404 500 2483 vituperasset,
524 2403 603 2481 quod
622 2403 754 2482 dixisset,
779 2420 821 2482 se,
844 2409 877 2462 ut
900 2401 996 2480 legem
1016 2401 1200 2482 adimpleret,
1224 2420 1270 2461 ve-

116 2511 198 2569 nisse
222 2526 364 2589 eumque,
394 2511 445 2587 qui
474 2527 566 2569 unum
596 2509 631 2569 de
660 2508 806 2569 mandatis
834 2510 899 2569 istis
929 2510 1058 2569 minimis
1082 2508 1218 2569 solvisset
1241 2517 1271 2569 et

118 2616 163 2675 sic
178 2613 314 2674 homines
329 2614 489 2696 docuisset,
505 2617 658 2676 minimum
673 2615 850 2696 appellatum
867 2616 904 2674 iri
920 2609 1035 2695 (Matth.
1046 2612 1075 2695 5,
1091 2608 1153 2697 19).
1178 2615 1271 2676 Solvit

115 2719 289 2801 sabbatum,
312 2739 379 2781 nam
403 2721 550 2803 dominus,
574 2724 679 2804 inquit,
702 2721 816 2783 sabbati
841 2731 886 2782 est
909 2721 987 2782 filius
1007 2721 1135 2782 hominis
1154 2715 1269 2803 (Matth.

117 2824 170 2908 12,
189 2819 239 2910 8);
269 2834 312 2888 et:
336 2847 395 2888 non
416 2826 494 2906 quod
518 2829 608 2888 intrat
632 2830 661 2887 in
686 2847 720 2889 os
744 2830 915 2906 coinquinat
938 2807 1102 2907 hominem,
1132 2845 1200 2888 cum
1223 2828 1270 2888 lex

114 2931 201 2995 cibos
224 2935 399 3013 coinquinet
417 2927 532 3016 (Matth.
551 2928 682 3016 15,11).
1021 2921 1025 2924 ’

207 3041 250 3101 dd
269 3059 344 3121 quae
365 3041 393 3101 S.
414 3040 539 3121 Cyrillus
563 3041 649 3103 haec:
674 3050 707 3102 ut
726 3040 908 3120 adimpleret,
931 3043 1037 3122 inquit,
1060 3042 1155 3121 legem
1180 3045 1269 3122 venit,

115 3149 186 3209 dico
210 3156 240 3208 et
263 3166 317 3228 ego
342 3155 372 3208 et
399 3150 619 3230 unusquisque,
649 3151 697 3209 cui
722 3158 767 3209 est
795 3150 924 3227 cognitio
950 3156 1086 3210 accurata
1111 3157 1141 3210 et
1168 3157 1270 3229 aperta

113 3257 333 3334 scripturarum
366 3273 526 3316 sacrarum.
571 3256 623 3316 Sin
657 3263 756 3316 autem
784 3257 935 3335 apparuit,
960 3263 1001 3315 -ut
1029 3255 1268 3317 adumbrationes

113 3362 192 3441 legis
215 3360 251 3421 ad
277 3363 430 3424 veritatem
454 3364 680 3424 transformaret
703 3370 734 3423 et
752 3381 786 3423 ea
810 3381 885 3442 quac
911 3366 941 3423 in
966 3365 1043 3442 typis
1067 3365 1197 3441 antiquis
1222 3362 1270 3422 de-

114 3469 230 3548 scripta
249 3476 343 3548 erant,
365 3468 400 3530 ad
424 3472 565 3531 maiorem
585 3472 829 3550 perspicuitatem
848 3469 1026 3551 adduceret,
1050 3489 1108 3530 non
1128 3470 1270 3532 adversus

114 3573 214 3652 legem
238 3573 308 3635 lecit
331 3593 378 3658 aa,
402 3578 480 3638 sicut
502 3577 689 3637 adversarius
712 3585 846 3656 putatet
871 3577 1012 3659 loquitur,
1036 3577 1088 3638 sod
1111 3580 1211 3657 potius
1234 3578 1270 3638 ad

115 3682 276 3743 veritatem
296 3681 417 3744 adduxit
436 3683 676 3764 corruptibilem,
700 3692 733 3745 ut
757 3686 796 3744 ita
820 3684 924 3766 dicam,
949 3686 1105 3764 imaginem
1130 3687 1270 3746 veritatis.

114 3788 204 3849 Sicut
224 3789 316 3867 igitur
339 3792 448 3851 artium
471 3790 664 3870 pulchrarum
688 3793 778 3870 periti
804 3810 839 3851 eo
864 3790 942 3869 quod
967 3794 997 3852 in
1021 3792 1194 3853 delineando
1218 3793 1272 3851 ini-

113 3897 203 3956 ciunt
216 3894 349 3956 colorum
363 3899 545 3980 varietatem,
564 3897 678 3959 tabulas
694 3917 752 3958 non
769 3905 976 3979 corrumpunt,
996 3897 1048 3958 sed
1062 3899 1098 3960 ad
1112 3898 1269 3978 pulchrum

113 4000 292 4080 adspectum
315 4003 496 4082 perducunt:
526 4004 630 4064 eodem
656 4004 742 4064 modo
767 4005 905 4065 dominus
928 4007 1060 4066 universi
1088 4013 1118 4064 et
1145 4005 1272 4065 salvator

113 4118 148 4172 et
170 4127 285 4170 summa
316 4112 471 4192 sapientia,
499 4118 656 4190 postquam
679 4113 710 4171 iu
738 4114 884 4191 principio
912 4112 1008 4193 legem
1032 4111 1149 4172 locutus
1173 4121 1218 4173 est
1241 4120 1272 4172 et

112 4216 197 4279 illius
229 4219 373 4297 temporis
406 4216 576 4278 hominibus
609 4220 693 4297 quasi
720 4235 775 4296 per
807 4218 1061 4280 adumbrationem
1093 4220 1268 4299 mysterium

190 4391 216 4458 1)
237 4390 385 4443 Ἰουλιανοῦ
405 4387 536 4458 Mignius.
556 4377 703 4443 Ἰουλιανόν
722 4389 821 4445 Maius.

189 4480 216 4547 2)
235 4476 347 4548 Scripsi.
371 4478 461 4545 ἔχοιεν
481 4476 633 4538 deaiua.
