2926 5040
484 309 525 362 De
544 307 645 362 Iuliani
663 308 755 363 verbis
774 310 982 364 constituendis.
1246 312 1309 374 149

166 494 228 535 ram
258 477 287 534 in
316 474 483 554 Capoioneo
513 476 603 535 luisse
627 474 844 554 Oecolampadii
871 463 1077 554 interpretatio
1106 478 1193 539 docet
1223 478 1310 538 baec:

165 577 264 642 ‘Matri
287 583 366 641 enim
390 580 503 660 lupiter
526 600 704 658 congressus
727 590 785 662 est,
813 585 1038 662 procreavitque
1063 604 1098 644 ex
1127 603 1160 643 ea
1188 582 1307 643 liberos.

165 688 245 748 ldem
274 688 357 748 (luxit
385 707 509 748 uxorem
538 689 625 748 filiam
654 707 753 770 suam,
782 691 841 748 imb
866 708 924 749 non
953 690 1037 751 duxit
1064 709 1186 750 uxorem
1211 690 1308 770 filiam,

165 796 216 855 scd
241 795 414 874 simpliciter
442 813 621 874 congressus
650 813 789 876 cumea,
818 794 903 856 alteri
928 815 991 856 eam
1015 793 1156 858 tradidit?
1194 796 1308 867 Quibus

165 905 194 962 in
223 902 321 963 verbis
354 911 475 981 apparet
503 884 702 981 corruptelam
731 902 836 982 latere3
867 903 990 963 delenda
1020 906 1098 964 cuim
1127 912 1196 963 sunt
1220 903 1308 963 verba

164 1006 259 1071 αὐτὸ(
288 1009 346 1085 τὴν
375 1006 474 1069 αὐτοῦ
504 1008 674 1085 θυγατέρα,
704 1028 779 1088 quae
808 1018 875 1069 aute
904 1004 987 1070 ἀλλὰ
1016 1011 1163 1089 leguntur.
1204 1009 1307 1088 Neque

165 1125 261 1178 tamen
280 1116 304 1174 V
327 1115 372 1176 vel
391 1114 421 1176 Ψ
445 1115 588 1176 medelam
606 1115 819 1197 praebuerunt,
838 1116 890 1175 sed
910 1115 1050 1177 mendum
1075 1119 1162 1177 etiam
1181 1119 1307 1196 gravius.

164 1223 242 1284 llaec
257 1225 381 1284 enimin
396 1232 523 1300 utroque
539 1222 641 1283 codice
655 1225 861 1283 inveniuntur:
885 1221 976 1298 μητρὶ
990 1219 1051 1297 γὰρ
1067 1219 1085 1283 ὁ
1099 1222 1181 1284 Ζεὺ(
1196 1221 1306 1300 ἐμίχθη

163 1329 212 1390 καὶ
236 1325 546 1405 παιδοποιητὰμενο(
574 1327 611 1389 ἐξ
640 1325 754 1404 αὐτῆς
782 1325 923 1405 ἔγημεν
952 1325 1067 1390 αὐτὸ(
1094 1329 1162 1405 τὴν
1191 1327 1307 1392 αὐτοῦ

162 1431 242 1520 (sic)
271 1433 478 1510 θυγατέρα,
507 1430 590 1495 ἀλλὰ
613 1431 674 1495 κτὲ.
717 1434 798 1505 Quae
826 1434 994 1514 corruptela
1023 1437 1095 1496 oriri
1124 1454 1183 1496 non
1211 1438 1308 1515 potuit

162 1547 218 1604 nisi
237 1564 272 1605 ex
293 1563 335 1624 ea,
354 1562 411 1622 qua
430 1544 487 1602 iam
503 1540 689 1620 Capnioneus
707 1544 879 1620 inquinatus
899 1551 970 1602 erat.
1003 1542 1106 1621 Neque
1126 1542 1307 1622 neglegenda

161 1660 230 1712 sunt
252 1651 357 1711 luliaui
384 1648 488 1729 verba,
516 1667 591 1727 quae
615 1668 642 1727 p.
665 1645 788 1708 131c1t
816 1647 965 1726 leguntur.
1003 1647 1059 1708 Ubi
1088 1648 1159 1708 baec
1188 1649 1308 1711 exhibet

160 1738 255 1819 codor
277 1756 313 1818 V:
341 1752 539 1818 ἀπολαύοντι
569 1751 669 1830 μόνον
697 1757 752 1830 τῆ(
781 1753 953 1816 διαλέξεω(
981 1753 1031 1816 καὶ
1058 1757 1113 1830 τῆ(
1142 1751 1307 1830 ῥητορεία(

143 1861 189 1926 -0‘1
205 1860 281 1924 λίαν
301 1857 532 1940 εὐφυεῑ(,,ἀλλ’
547 1858 622 1921 οὐδὲ
638 1858 772 1921 οὐδενὸς
791 1857 1065 1938 μεταλαμβάνουα
1085 1857 1303 1940 μαθήματοεῑ).

163 1970 217 2031 Ubi
237 1965 308 2031 ἀλλ’
326 1967 403 2031 οὐδὲ
427 1972 457 2029 in
476 1964 578 2029 ἄλλου
598 1966 633 2027 δὲ
658 1966 830 2027 mutandum
850 1986 916 2027 esse
941 1969 1145 2046 unusquisque
1165 1971 1306 2029 contiuuo

160 2079 310 2157 perspicit.
348 2072 447 2147 Quid?
471 2075 556 2146 Quod
576 2082 656 2134 recta
677 2076 825 2153 scriptura
846 2076 875 2133 in
897 2072 929 2134 Μ
949 2076 1108 2154 iuvenitur,
1132 2075 1252 2155 sedita,
1272 2084 1306 2135 ut

160 2184 244 2244 lacile
268 2182 470 2262 intellegatur,
493 2200 552 2260 quo
577 2180 663 2241 modo
692 2190 756 2241 orta
787 2183 826 2240 sit
849 2180 1031 2261 corruptela3
1059 2175 1197 2242 ἄλλουδὲ
1227 2185 1304 2242 enim

160 2290 201 2351 ibi
223 2297 319 2351 exstat
338 2308 374 2349 ne
395 2291 515 2348 minimo
536 2288 655 2366 quidem
679 2289 773 2368 spatio
797 2290 876 2348 inter
895 2283 996 2348 ἄλλου
1016 2296 1045 2347 et
1065 2284 1100 2347 δὲ
1125 2289 1303 2348 intermisso.
1374 2328 1376 2332 -

161 2396 223 2466 Quo
252 2414 288 2456 ex
320 2395 385 2454 loco
414 2394 601 2455 efficiendum
630 2404 675 2455 est
703 2394 726 2453 V
754 2401 804 2455 aut
833 2413 867 2454 ex
901 2395 965 2472 ipso
998 2393 1099 2454 codice
1124 2392 1156 2454 Μ
1190 2403 1240 2454 aut
1269 2414 1305 2454 ex

160 2502 262 2563 eodem
286 2512 374 2581 atque
398 2503 423 2561 is
446 2501 566 2560 [luxisse
591 2500 680 2560 lonte.
718 2500 765 2559 Ex·
786 2519 819 2560 ea
838 2510 937 2560 autem
957 2519 1044 2578 quam
1063 2503 1194 2580 priorem
1217 2501 1303 2562 attuli

160 2609 328 2688 corruptela
347 2603 389 2688 (p.
407 2604 452 2667 44
462 2604 499 2688 B)
523 2605 704 2685 intellegitur
724 2605 753 2668 Ψ
772 2615 802 2667 et
821 2607 843 2663 V
866 2625 902 2666 ex
927 2606 1029 2674 eodem
1054 2607 1155 2667 codice
1175 2608 1305 2688 descrip-

161 2725 204 2776 tos
223 2733 290 2776 esse
309 2733 406 2792 neque
426 2721 524 2773 tamen
544 2732 580 2772 ex
598 2715 663 2792 ipso
683 2712 714 2774 Μ
739 2713 783 2772 vel
804 2715 868 2773 eius
892 2714 987 2794 fonte,
1010 2715 1062 2774 sed
1082 2733 1116 2773 ex
1137 2715 1304 2794 apographo

160 2823 295 2902 quodam.
332 2821 411 2901 Ergo
436 2830 560 2882 stemma
583 2821 773 2882 statuendum
798 2829 844 2882 est
867 2830 917 2881 aut
940 2821 1010 2882 boc:

245 3763 330 3823 Nunc
349 3762 496 3822 allercnda
516 3762 588 3822 mibi
612 3772 681 3823 sunt
700 3772 881 3841 argumenta,
905 3762 1013 3840 quibus
1036 3761 1160 3840 probem
1184 3780 1243 3821 nou
1266 3779 1301 3820 ex

156 3869 188 3931 M
208 3870 330 3929 fluxisse
349 3870 467 3929 codices
486 3867 516 3929 Ψ
535 3878 564 3929 et
579 3868 610 3948 V,
630 3869 681 3928 sed
702 3888 736 3927 ex
753 3868 856 3928 eodem
878 3870 968 3948 sonte,
986 3877 1074 3947 atque
1094 3886 1162 3928 eum
1182 3866 1301 3945 quidem

154 3979 254 4057 ipsum
277 3977 369 4037 luisse
389 3975 600 4055 Capnioueum.
642 3974 767 4035 Exstant
790 3977 869 4035 enim
892 3975 950 4035 loci
974 3975 1050 4036 baud
1074 3976 1169 4054 pauci,
1193 3972 1301 4052 quibus

153 4075 212 4164 V²)
237 4080 337 4142 differt
360 4100 375 4140 a
401 4079 447 4162 M,
475 4081 526 4140 sed
551 4080 673 4140 eandem
698 4080 821 4159 praebet
844 4082 1035 4162 scripturam,
1064 4099 1150 4159 quam
1174 4082 1206 4139 in
1229 4078 1301 4157 Cap·
1398 4082 1401 4087 ’

227 4254 253 4320 1)
274 4251 347 4318 Quid
365 4252 461 4327 Vboo
480 4251 543 4306 loco
562 4252 697 4321 praebeat
713 4251 821 4322 ignoro.

225 4343 254 4410 2)
273 4339 346 4404 Quin
360 4341 480 4395 codexV
494 4340 580 4394 etiam
594 4340 629 4395 iis
646 4340 725 4408 locis,
741 4358 859 4410 quarum
873 4340 1024 4410 scripturas
1033 4338 1162 4394 Loewius
1175 4339 1205 4393 in
1219 4357 1300 4393 usum
1323 4401 1329 4408 ¹

151 4446 249 4485 meum
268 4446 324 4484 non
344 4429 498 4495 adnotavit,
518 4447 580 4482 cum
600 4429 625 4481 V
645 4427 810 4497 consentiat,
830 4428 953 4484 dubitari
970 4445 1025 4483 non
1044 4430 1144 4498 potest.
