2926 5040
224 333 267 396 20
295 407 297 411 y
731 333 822 403 eaput
839 335 859 390 Ι.

223 517 297 561 των.
337 495 445 574 ἀμέλει
471 501 552 572 γοῦν
576 499 663 576 χθὲς,
688 497 733 564 ὀὐ
756 497 864 577 πάλαι,
894 496 1076 577 “πωλήςατε
1112 499 1153 560 τὰ
1185 497 1376 576 ὑπάρχοντα

221 605 364 680 γυναιξὶν
378 602 544 683 εὐςχήμοςι
558 604 650 668 ταῦτ’
663 606 862 683 ἐπαναγινώ-
892 605 943 667 καὶ
957 604 1031 669 δότε
1050 609 1204 683 πτωχοῖς·
1219 607 1374 684 ποιήςατε

223 732 352 777 ςκοντες
372 710 534 790 επώληςόν
549 733 605 777 ςου
621 714 662 777 τὰ
676 712 864 792 ὑπάρχοντα
892 711 1018 776 ἑαυτοῖς
1044 711 1218 791 βαλλάντια
1245 715 1286 791 μὴ
1311 734 1375 777 πα-

221 819 273 882 καὶ
292 819 347 882 δὸς
367 823 518 898 πτωχοῖς,
537 821 589 883 καὶ
610 820 689 886 ἔξεις
704 822 863 899 θηςαυρὸν
892 817 1375 905 λαιούμενα’.ταιίτηςτίςείπεῖν

222 926 258 991 ἔν
277 924 450 1005 οὐρανοῖς’,
477 925 607 991 ἔπειςαν
629 930 733 992 πάςαν
753 927 863 992 οὐςίαν
891 924 957 1004 ἔχει
976 928 1228 1004 πολιτικωτέραν
1246 932 1301 1005 τῆς
1321 927 1374 990 ἑν-

221 1035 262 1113 ἣν
283 1031 373 1112 εἶχον
397 1034 448 1097 καὶ
470 1033 605 1112 ὕπαρξιν
629 1040 787 1114 διανεῖμαι
807 1038 862 1100 πέ-
890 1036 1000 1111 τολῆς;
1035 1032 1062 1096 εἰ
1090 1033 1151 1111 γὰρ
1180 1031 1300 1097 πάντες
1325 1054 1375 1097 ςοι

221 1159 298 1218 νηςι,
317 1141 368 1204 καὶ
387 1139 486 1204 αὐτάς
505 1141 549 1204 εἰς
564 1140 691 1206 ἔνδειαν
710 1143 863 1208 ἑλθούςας
884 1135 1374 1222 ’πειςθεῖεν,τίςὁώνηςόμενος;

221 1246 461 1324 ἔρανίζεςθαιέξ
472 1248 654 1327 ἐλευθερίας
671 1250 716 1313 εἰς
727 1247 863 1329 άςεμνον
891 1248 1016 1311 ἐπαινεῖ
1029 1246 1074 1309 τίς
1084 1246 1204 1325 ταύτην
1214 1249 1273 1325 τὴν
1285 1251 1373 1310 διδα-

221 1350 387 1431 ἀπαίτηςιν
406 1354 568 1435 ἐλθούςας,
592 1356 736 1422 ἐλεεινὸν
759 1358 791 1423 ἐξ
812 1357 862 1422 εὐ·
891 1354 1029 1433 ςκαλίαν,
1044 1353 1318 1445 ἢςκρατυνθείςης
1335 1353 1374 1416 οὐ

221 1459 386 1538 δαιμονίας
401 1461 596 1526 ἔπελθοάςας
611 1463 793 1543 πρόςωπον,
812 1465 863 1527 καῖ
891 1460 992 1539 πόλις,
1007 1461 1065 1524 οὐκ
1085 1459 1187 1539 ἔθνος,
1211 1460 1270 1524 οὐκ
1289 1459 1374 1524 οἰκία

219 1568 313 1630 τέλος
339 1565 584 1644 άναγκαςθείςας
615 1571 668 1634 ἐπὶ
690 1571 746 1634 τὰς
770 1570 861 1649 ἐχόν-
890 1567 944 1645 μία
977 1570 1168 1647 ςυςτήςεται;
1206 1571 1276 1631 πῶς
1310 1567 1372 1645 γάρ

222 1694 288 1737 των
317 1673 416 1738 οἰκίας
440 1673 579 1756 ἀπιέναι,
604 1676 685 1755 ὅπερ
713 1678 777 1740 ἐςτῖ
807 1683 863 1756 τῆς
891 1653 1079 1752 πραθέντων
1104 1674 1258 1739 ἁπάντων
1284 1673 1374 1737 οἶκος

223 1780 366 1859 πρώτης,
389 1784 513 1860 μᾶλλον
537 1782 565 1847 δ’
583 1784 716 1862 ἔςχάτης
740 1784 863 1863 ὕβρεώς
891 1781 1016 1860 ἔντιμος
1035 1780 1116 1845 εῖναι
1135 1781 1268 1847 δύναταί
1286 1802 1334 1845 τις
1353 1783 1373 1860 ἢ

222 1909 257 1952 τε
277 1889 328 1951 καὶ
347 1893 519 1969 ςυμφορᾶς,
540 1895 606 1955 τῶν
625 1891 753 1956 οἰκείων
772 1893 862 1956 ἔκπε-
891 1889 986 1965 οἰκία;
1016 1891 1053 1953 τὸ
1082 1892 1132 1969 δὲ,
1165 1888 1215 1952 ότι
1238 1887 1374 1953 πάντων

224 2000 290 2059 ςεῖν
315 1996 474 2076 εὐςεβείας
498 2000 703 2077 προςχήματι,
728 1999 863 2062 καὶτῶν
891 1994 972 2074 όμοῦ
996 1999 1062 2060 τῶν
1081 1998 1118 2061 ἔν
1140 2003 1178 2080 τῇ
1203 1995 1296 2060 πόλει
1320 2018 1372 2060 πι-

220 2100 398 2181 άλλοτρίων
416 2104 493 2189 ἐρᾶν
511 2103 632 2187 ἀνάγκῃ
653 2110 710 2183 τῆς
730 2104 862 2169 ἐνδείας.
890 2106 1133 2182 πραςκομένων,
1154 2102 1267 2167 οὐκᾶν
1282 2102 1374 2181 εὑρε-

220 2207 267 2275 'ei
301 2207 347 2275 ὧν
380 2214 469 2275 δοκεῖ
500 2232 552 2289 μοι
584 2215 685 2276 ταῦτα
713 2212 863 2287 γυναικὸς
890 2214 977 2274 θεῖεν
991 2209 1256 2289 οίάγοράζοντες,
1271 2230 1373 2288 φανε-

221 2313 302 2380 εἶναι
326 2317 502 2395 καμνούςης
525 2317 567 2388 τά
588 2318 721 2397 ῥήματα.
891 2317 949 2395 ρόν
973 2318 1036 2381 ἔςτι
1060 2318 1110 2381 καὶ
1135 2316 1353 2394 ςιωπώμενον.

309 2462 383 2533 Quis
406 2465 498 2542 igitur
526 2466 646 2542 estqui
670 2465 735 2523 sieri
764 2466 896 2543 potuisse
921 2471 1053 2543 censeat,
1082 2471 1115 2524 ut
1142 2462 1273 2523 lulianus
1302 2482 1373 2523 cum

221 2569 314 2630 altero
338 2569 403 2630 ioco
427 2569 595 2649 philosophi
617 2569 716 2630 verbis
739 2589 812 2630 usus
836 2581 928 2650 esset,
952 2570 1044 2630 attero
1069 2588 1101 2629 ea
1126 2588 1201 2648 quae
1225 2588 1240 2629 a
1265 2569 1374 2629 Photio

220 2685 335 2736 servata
363 2685 434 2736 suut
461 2673 630 2756 proferret?
675 2676 845 2756 Philosophi
874 2679 965 2756 igitur
999 2678 1203 2755 fragmentum
1230 2695 1289 2736 nou
1323 2677 1375 2736 de-

219 2794 390 2863 promptum
400 2792 456 2844 »est
475 2802 510 2843 ex
529 2781 634 2843 iuliani
652 2783 744 2844 libris
772 2783 827 2844 Est
846 2792 944 2844 autem
963 2802 1070 2862 operae
1090 2785 1220 2862 pretium
1239 2783 1372 2844 animad-

220 2898 346 2964 vertere,
369 2898 478 2968 quanta
502 2893 541 2950 sit
564 2891 681 2951 dicendi
700 2891 881 2951 differentia:
906 2890 1006 2951 sedata
1028 2893 1107 2950 enirn
1126 2893 1259 2949 oratione
1283 2908 1373 2968 ergu-

220 3005 371 3057 mentetur
389 2996 597 3079 philosophus,
615 2997 710 3057 eluere
731 3005 761 3058 et
776 3000 934 3058 excitatum
953 2996 1057 3057 Iuliani
1076 2998 1229 3074 ingenium
1248 3006 1375 3076 apparet

220 3123 255 3163 ex
284 3106 417 3164 oratione
450 3103 731 3183 interrogationibus
760 3105 877 3164 referte.
918 3103 1020 3182 Neque
1054 3105 1152 3163 minus
1180 3105 1296 3180 insigne
1325 3112 1375 3164 est

219 3209 345 3271 alterum
378 3210 554 3290 exemplum.
600 3210 796 3289 Philosophus
829 3213 908 3270 enim
940 3218 1028 3288 negat
1060 3217 1176 3269 exstare
1211 3210 1373 3286 quicquam

218 3315 363 3378 librorum
382 3317 493 3377 aMose
514 3319 709 3397 scriptorum3
728 3335 831 3376 omnes
851 3319 942 3390 enim,
963 3319 1015 3394 qui
1034 3319 1097 3377 eius
1118 3318 1236 3375 nomine
1256 3316 1374 3376 terren-

219 3431 269 3483 tur
300 3430 403 3501 postea
436 3423 471 3482 ab
500 3423 593 3483 Esdre
625 3441 690 3482 esse
723 3424 917 3502 conscriptos.
963 3421 1037 3481 Nam
1066 3420 1240 3497 Μωυςέως,
1273 3422 1375 3499 iuquit

218 3549 245 3609 p.
270 3526 322 3610 54,
341 3526 375 3609 3,
408 3526 505 3590 οὐδὲν
533 3525 740 3592 άποςώῑεται.
787 3526 1012 3604 ςυγγράμματα
1039 3526 1100 3604 γὰρ
1128 3526 1235 3590 πάντα
1263 3545 1374 3604 ςυνεμ-

203 3637 396 3723 Ἰπεπρῆςθαι
414 3638 461 3716 τῷ
479 3638 548 3717 ναῷ
568 3635 702 3709 λέγεται.
729 3632 788 3696 όςα
807 3631 836 3695 δ>
849 3631 900 3696 ἔπ>
914 3631 1046 3709 ὀνόματι
1062 3633 1222 3696 Μωυςέως
1242 3631 1372 3712 ἐγράφη

218 3740 298 3818 μετὰ
329 3745 442 3819 ταῦτα,
475 3741 554 3818 μετὰ
586 3741 672 3820 χίλια
700 3740 751 3804 καὶ
778 3739 893 3803 ἑκατὸν
921 3740 972 3802 καὶ
1002 3737 1202 3817 ὀγδοήκοντα
1218 3737 1284 3816 -ἔτη
1313 3744 1372 3818 τῆς

220 3849 382 3912 Μωυςέως
405 3850 557 3927 τελευτῆς
581 3848 645 3911 ὑπὸ
663 3845 779 3924 Ἔςδρα
802 3847 937 3909 καὶτῶν
960 3843 1039 3923 ἀμφ’
1058 3845 1158 3909 αὐτὸν
1176 3844 1373 3925 ςυνεγράφη.

219 3957 261 4019 De
284 3956 397 4017 iuliano
426 3965 525 4017 eutem
550 3957 675 4037 Cyrillus
699 3977 726 4036 p.
753 3952 855 4016 168Α
883 3953 961 4015 ποτὲ
985 3953 1043 4030 μέν
1066 3972 1155 4034 φηςι,
1178 3957 1288 4036 inquit,
1311 3954 1373 4018 τὸν

217 4061 414 4141 ἱεροφάντην
439 4063 576 4126 Μωυςέα
600 4065 855 4140 δημαγωγοῦντα
879 4063 1002 4137 μᾶλλον
1027 4062 1046 4138 ἢ
1071 4058 1271 4137 ἀληθεύοντα
1293 4061 1372 4123 τοὺς

218 4292 280 4346 loeo
294 4291 423 4346 laudavi:
443 4290 640 4359 quaestionum
654 4289 778 4358 Amphil.
794 4288 888 4356 editio,
908 4304 979 4356 quae
994 4287 1048 4342 vol.
1064 4288 1106 4342 01.
1127 4286 1292 4352 continetur,
1313 4305 1372 4343 non

218 4382 342 4435 veterem
353 4381 493 4450 quendem
505 4379 658 4435 editionem
673 4376 813 4448 repetivit,
828 4378 877 4432 sed
891 4394 991 4432 novam
1007 4377 1124 4446 praebet
1133 4377 1372 4446 Hergenroetheri

218 4485 415 4526 recensionem.
