<?xml version="1.0" encoding="UTF-8"?>
<!DOCTYPE html PUBLIC "-//W3C//DTD XHTML 1.0 Transitional//EN"
    "http://www.w3.org/TR/xhtml1/DTD/xhtml1-transitional.dtd">
<html xmlns="http://www.w3.org/1999/xhtml" xml:lang="en" lang="en">
 <head>
  <title>
</title>
<meta http-equiv="Content-Type" content="text/html;charset=utf-8" />
  <meta name='ocr-system' content='tesseract 3.04.00' />
  <meta name='ocr-capabilities' content='ocr_page ocr_carea ocr_par ocr_line ocrx_word'/>
</head>
<body>
  <div class='ocr_page' id='page_1' title='image "./iulianiimperato00neumgoog_0095.png"; bbox 0 0 2926 5040; ppageno 0'>
   <div class='ocr_carea' id='block_1_1' title="bbox 228 339 862 410">
    <p class='ocr_par' dir='ltr' id='par_1_1' title="bbox 228 339 862 410">
     <span class='ocr_line' id='line_1_1' title="bbox 228 339 862 410; baseline -0.011 -8"><span class='ocrx_word' id='word_1_1' title='bbox 228 339 271 402; x_wconf 76' lang='grc'>82</span> <span class='ocrx_word' id='word_1_2' title='bbox 733 339 824 410; x_wconf 79' lang='lat' dir='ltr'>Caput</span> <span class='ocrx_word' id='word_1_3' title='bbox 841 339 862 395; x_wconf 93' lang='lat' dir='ltr'>l.</span> 
     </span>
    </p>
   </div>
   <div class='ocr_carea' id='block_1_2' title="bbox 225 503 1384 1016">
    <p class='ocr_par' dir='ltr' id='par_1_2' title="bbox 225 503 1384 1016">
     <span class='ocr_line' id='line_1_2' title="bbox 229 503 1384 588; baseline 0.001 -21"><span class='ocrx_word' id='word_1_4' title='bbox 229 503 376 587; x_wconf 83' lang='grc' dir='ltr'>βαρβάρῳ</span> <span class='ocrx_word' id='word_1_5' title='bbox 394 509 441 588; x_wconf 84' lang='grc' dir='ltr'>τῷ</span> <span class='ocrx_word' id='word_1_6' title='bbox 459 506 618 584; x_wconf 89' lang='grc' dir='ltr'>νικήςαντι</span> <span class='ocrx_word' id='word_1_7' title='bbox 635 503 738 569; x_wconf 86' lang='grc' dir='ltr'>πάθει.</span> <span class='ocrx_word' id='word_1_8' title='bbox 771 504 955 584; x_wconf 83' lang='grc' dir='ltr'>ἐγκρατείας</span> <span class='ocrx_word' id='word_1_9' title='bbox 974 503 1071 568; x_wconf 82' lang='grc' dir='ltr'>οὖνὸ</span> <span class='ocrx_word' id='word_1_10' title='bbox 1091 503 1287 583; x_wconf 87' lang='grc' dir='ltr'>πανάριςτος</span> <span class='ocrx_word' id='word_1_11' title='bbox 1307 503 1384 584; x_wconf 88' lang='grc' dir='ltr'>τρό-</span> 
     </span>
     <span class='ocr_line' id='line_1_3' title="bbox 227 611 1384 691; baseline 0.001 -17"><span class='ocrx_word' id='word_1_12' title='bbox 227 632 287 676; x_wconf 92' lang='grc' dir='ltr'>πος</span> <span class='ocrx_word' id='word_1_13' title='bbox 311 611 438 690; x_wconf 86' lang='grc' dir='ltr'>πρῶτός</span> <span class='ocrx_word' id='word_1_14' title='bbox 463 632 497 675; x_wconf 94' lang='grc' dir='ltr'>τε</span> <span class='ocrx_word' id='word_1_15' title='bbox 526 612 577 675; x_wconf 87' lang='grc' dir='ltr'>καὶ</span> <span class='ocrx_word' id='word_1_16' title='bbox 601 611 825 676; x_wconf 87' lang='grc' dir='ltr'>εὐκλεέςτατος</span> <span class='ocrx_word' id='word_1_17' title='bbox 848 611 886 675; x_wconf 91' lang='grc' dir='ltr'>τὸ</span> <span class='ocrx_word' id='word_1_18' title='bbox 910 614 985 691; x_wconf 93' lang='grc' dir='ltr'>μήτε</span> <span class='ocrx_word' id='word_1_19' title='bbox 1010 613 1206 691; x_wconf 90' lang='grc' dir='ltr'>προήκαςθαι</span> <span class='ocrx_word' id='word_1_20' title='bbox 1233 612 1294 676; x_wconf 83' lang='grc' dir='ltr'>τάς</span> <span class='ocrx_word' id='word_1_21' title='bbox 1322 617 1384 676; x_wconf 86' lang='grc' dir='ltr'>τοῦ</span> 
     </span>
     <span class='ocr_line' id='line_1_4' title="bbox 227 718 1383 799; baseline 0 -18"><span class='ocrx_word' id='word_1_22' title='bbox 227 718 350 784; x_wconf 91' lang='grc' dir='ltr'>πάθους</span> <span class='ocrx_word' id='word_1_23' title='bbox 380 718 480 797; x_wconf 91' lang='grc' dir='ltr'>ἀρχάς</span> <span class='ocrx_word' id='word_1_24' title='bbox 511 721 587 799; x_wconf 92' lang='grc' dir='ltr'>μήτε</span> <span class='ocrx_word' id='word_1_25' title='bbox 621 721 682 798; x_wconf 89' lang='grc' dir='ltr'>μὴν</span> <span class='ocrx_word' id='word_1_26' title='bbox 710 718 832 783; x_wconf 85' lang='grc' dir='ltr'>ἁλῶναι</span> <span class='ocrx_word' id='word_1_27' title='bbox 859 723 930 782; x_wconf 86' lang='grc' dir='ltr'>ταῖς</span> <span class='ocrx_word' id='word_1_28' title='bbox 958 719 1146 798; x_wconf 85' lang='grc' dir='ltr'>ἐπιθυμίαις·</span> <span class='ocrx_word' id='word_1_29' title='bbox 1175 718 1315 796; x_wconf 87' lang='grc' dir='ltr'>δευτέρα</span> <span class='ocrx_word' id='word_1_30' title='bbox 1345 719 1383 782; x_wconf 82' lang='grc' dir='ltr'>δὲ</span> 
     </span>
     <span class='ocr_line' id='line_1_5' title="bbox 226 824 1384 905; baseline -0.001 -16"><span class='ocrx_word' id='word_1_31' title='bbox 226 824 297 904; x_wconf 86' lang='grc' dir='ltr'>μετ’</span> <span class='ocrx_word' id='word_1_32' title='bbox 319 825 444 904; x_wconf 83' lang='grc' dir='ltr'>ἐκείνην</span> <span class='ocrx_word' id='word_1_33' title='bbox 477 825 644 904; x_wconf 87' lang='grc' dir='ltr'>ἐγκράτεια</span> <span class='ocrx_word' id='word_1_34' title='bbox 671 826 721 890; x_wconf 88' lang='grc' dir='ltr'>καὶ</span> <span class='ocrx_word' id='word_1_35' title='bbox 754 825 857 904; x_wconf 82' lang='grc' dir='ltr'>ῥύπου</span> <span class='ocrx_word' id='word_1_36' title='bbox 882 828 975 905; x_wconf 89' lang='grc' dir='ltr'>μεςτὴ</span> <span class='ocrx_word' id='word_1_37' title='bbox 1003 827 1041 890; x_wconf 88' lang='grc' dir='ltr'>τὸ</span> <span class='ocrx_word' id='word_1_38' title='bbox 1071 825 1243 904; x_wconf 89' lang='grc' dir='ltr'>ἀπέχεςθαι</span> <span class='ocrx_word' id='word_1_39' title='bbox 1272 827 1384 891; x_wconf 84' lang='grc' dir='ltr'>θέλειν</span> 
     </span>
     <span class='ocr_line' id='line_1_6' title="bbox 225 928 1272 1016; baseline 0 -21"><span class='ocrx_word' id='word_1_40' title='bbox 225 936 291 996; x_wconf 86' lang='grc' dir='ltr'>τῶν</span> <span class='ocrx_word' id='word_1_41' title='bbox 316 931 584 1011; x_wconf 88' lang='grc' dir='ltr'>ἀποτελεςμὰτων</span> <span class='ocrx_word' id='word_1_42' title='bbox 607 931 836 1011; x_wconf 84' lang='grc' dir='ltr'>προηλωκότος</span> <span class='ocrx_word' id='word_1_43' title='bbox 860 937 918 996; x_wconf 86' lang='grc' dir='ltr'>τοθ</span> <span class='ocrx_word' id='word_1_44' title='bbox 941 937 1000 997; x_wconf 85' lang='grc' dir='ltr'>νοῦ</span> <span class='ocrx_word' id='word_1_45' title='bbox 1023 939 1061 1016; x_wconf 86' lang='grc' dir='ltr'>τῇ</span> <span class='ocrx_word' id='word_1_46' title='bbox 1085 928 1272 1016; x_wconf 54' lang='grc' dir='ltr'>ἐπιθυμίᾳά)</span> 
     </span>
    </p>
   </div>
   <div class='ocr_carea' id='block_1_3' title="bbox 771 1111 823 1174">
    <p class='ocr_par' dir='ltr' id='par_1_3' title="bbox 771 1111 823 1174">
     <span class='ocr_line' id='line_1_7' title="bbox 771 1111 823 1174; baseline 0 0"><span class='ocrx_word' id='word_1_47' title='bbox 771 1111 823 1174; x_wconf 86' lang='grc'>39,</span> 
     </span>
    </p>
   </div>
   <div class='ocr_carea' id='block_1_4' title="bbox 224 1234 1387 3883">
    <p class='ocr_par' dir='ltr' id='par_1_4' title="bbox 314 1234 801 1317">
     <span class='ocr_line' id='line_1_8' title="bbox 314 1234 801 1317; baseline 0.004 -20"><span class='ocrx_word' id='word_1_48' title='bbox 314 1237 357 1298; x_wconf 84' lang='lat' dir='ltr'>Ex</span> <span class='ocrx_word' id='word_1_49' title='bbox 382 1237 485 1298; x_wconf 88' lang='lat' dir='ltr'>Leont.</span> <span class='ocrx_word' id='word_1_50' title='bbox 509 1247 538 1298; x_wconf 90' lang='lat' dir='ltr'>et</span> <span class='ocrx_word' id='word_1_51' title='bbox 561 1237 660 1297; x_wconf 85' lang='lat' dir='ltr'>lcann.</span> <span class='ocrx_word' id='word_1_52' title='bbox 684 1258 712 1317; x_wconf 88' lang='grc' dir='ltr'>ρ.</span> <span class='ocrx_word' id='word_1_53' title='bbox 731 1234 801 1299; x_wconf 83' lang='grc'><strong>154.</strong></span> 
     </span>
    </p>

    <p class='ocr_par' dir='ltr' id='par_1_5' title="bbox 224 1340 1386 2487">
     <span class='ocr_line' id='line_1_9' title="bbox 315 1340 1386 1419; baseline -0.001 -14"><span class='ocrx_word' id='word_1_54' title='bbox 315 1340 513 1419; x_wconf 83' lang='grc' dir='ltr'>Ἐπιπλήττει</span> <span class='ocrx_word' id='word_1_55' title='bbox 533 1340 598 1419; x_wconf 87' lang='grc' dir='ltr'>εἰκῆ</span> <span class='ocrx_word' id='word_1_56' title='bbox 617 1346 685 1405; x_wconf 88' lang='grc' dir='ltr'>τοῖς</span> <span class='ocrx_word' id='word_1_57' title='bbox 704 1340 785 1419; x_wconf 88' lang='grc' dir='ltr'>ὑπέρ</span> <span class='ocrx_word' id='word_1_58' title='bbox 804 1362 842 1416; x_wconf 90' lang='grc' dir='ltr'>γε</span> <span class='ocrx_word' id='word_1_59' title='bbox 866 1344 932 1404; x_wconf 85' lang='grc' dir='ltr'>τῶν</span> <span class='ocrx_word' id='word_1_60' title='bbox 951 1342 987 1404; x_wconf 89' lang='grc' dir='ltr'>ἐν</span> <span class='ocrx_word' id='word_1_61' title='bbox 1007 1340 1139 1405; x_wconf 81' lang='grc' dir='ltr'>ἀδικίαις</span> <span class='ocrx_word' id='word_1_62' title='bbox 1158 1344 1386 1419; x_wconf 85' lang='grc' dir='ltr'>παρακαλοῦςι</span> 
     </span>
     <span class='ocr_line' id='line_1_10' title="bbox 226 1445 1385 1531; baseline -0.001 -18"><span class='ocrx_word' id='word_1_63' title='bbox 226 1449 302 1513; x_wconf 88' lang='grc' dir='ltr'>θεὸν</span> <span class='ocrx_word' id='word_1_64' title='bbox 326 1448 376 1510; x_wconf 86' lang='grc' dir='ltr'>καὶ</span> <span class='ocrx_word' id='word_1_65' title='bbox 399 1445 642 1526; x_wconf 89' lang='grc' dir='ltr'>ἀφαμαρτάνειν</span> <span class='ocrx_word' id='word_1_66' title='bbox 665 1452 723 1512; x_wconf 84' lang='grc' dir='ltr'>τοῦ</span> <span class='ocrx_word' id='word_1_67' title='bbox 748 1447 870 1512; x_wconf 88' lang='grc' dir='ltr'>εἰκότος</span> <span class='ocrx_word' id='word_1_68' title='bbox 890 1449 986 1531; x_wconf 81' lang='grc' dir='ltr'>ᾠήθη,</span> <span class='ocrx_word' id='word_1_69' title='bbox 1010 1449 1061 1512; x_wconf 88' lang='grc' dir='ltr'>καὶ</span> <span class='ocrx_word' id='word_1_70' title='bbox 1080 1449 1166 1525; x_wconf 89' lang='grc' dir='ltr'>λέγει</span> <span class='ocrx_word' id='word_1_71' title='bbox 1188 1449 1266 1511; x_wconf 90' lang='grc' dir='ltr'>τοὺς</span> <span class='ocrx_word' id='word_1_72' title='bbox 1291 1449 1385 1512; x_wconf 83' lang='grc' dir='ltr'>ἐποι-</span> 
     </span>
     <span class='ocr_line' id='line_1_11' title="bbox 226 1554 1386 1632; baseline 0.001 -14"><span class='ocrx_word' id='word_1_73' title='bbox 226 1554 408 1632; x_wconf 90' lang='grc' dir='ltr'>κτείροντας</span> <span class='ocrx_word' id='word_1_74' title='bbox 427 1555 503 1617; x_wconf 89' lang='grc' dir='ltr'>τοὺς</span> <span class='ocrx_word' id='word_1_75' title='bbox 522 1554 718 1632; x_wconf 88' lang='grc' dir='ltr'>κακούργους</span> <span class='ocrx_word' id='word_1_76' title='bbox 737 1555 861 1619; x_wconf 90' lang='grc' dir='ltr'>κακούς.</span> <span class='ocrx_word' id='word_1_77' title='bbox 898 1554 999 1619; x_wconf 89' lang='grc' dir='ltr'>καίτοι</span> <span class='ocrx_word' id='word_1_78' title='bbox 1019 1558 1088 1618; x_wconf 86' lang='grc' dir='ltr'>πῶς</span> <span class='ocrx_word' id='word_1_79' title='bbox 1111 1554 1130 1618; x_wconf 88' lang='grc' dir='ltr'>ὁ</span> <span class='ocrx_word' id='word_1_80' title='bbox 1152 1558 1250 1618; x_wconf 83' lang='grc' dir='ltr'>τοῦτο</span> <span class='ocrx_word' id='word_1_81' title='bbox 1272 1556 1386 1631; x_wconf 91' lang='grc' dir='ltr'>λέγων</span> 
     </span>
     <span class='ocr_line' id='line_1_12' title="bbox 226 1657 1386 1746; baseline 0.003 -22"><span class='ocrx_word' id='word_1_82' title='bbox 226 1661 266 1724; x_wconf 90' lang='grc' dir='ltr'>οὐ</span> <span class='ocrx_word' id='word_1_83' title='bbox 295 1661 333 1724; x_wconf 92' lang='grc' dir='ltr'>τὸ</span> <span class='ocrx_word' id='word_1_84' title='bbox 362 1660 482 1739; x_wconf 84' lang='grc' dir='ltr'>ἀπηνὲς</span> <span class='ocrx_word' id='word_1_85' title='bbox 511 1662 561 1725; x_wconf 87' lang='grc' dir='ltr'>καὶ</span> <span class='ocrx_word' id='word_1_86' title='bbox 594 1659 753 1741; x_wconf 91' lang='grc' dir='ltr'>ἀνήμερον</span> <span class='ocrx_word' id='word_1_87' title='bbox 784 1661 990 1741; x_wconf 87' lang='grc' dir='ltr'>ἀποδέχεται,</span> <span class='ocrx_word' id='word_1_88' title='bbox 1023 1661 1174 1741; x_wconf 80' lang='grc' dir='ltr'>θαυμάζει</span> <span class='ocrx_word' id='word_1_89' title='bbox 1203 1657 1274 1746; x_wconf 53' lang='lat' dir='ltr'>bii)</span> <span class='ocrx_word' id='word_1_90' title='bbox 1304 1664 1386 1727; x_wconf 89' lang='grc' dir='ltr'>τοὺς</span> 
     </span>
     <span class='ocr_line' id='line_1_13' title="bbox 226 1766 1386 1849; baseline 0.003 -19"><span class='ocrx_word' id='word_1_91' title='bbox 226 1766 425 1846; x_wconf 85' lang='grc' dir='ltr'>ἀτεράμονας</span> <span class='ocrx_word' id='word_1_92' title='bbox 449 1767 530 1847; x_wconf 84' lang='grc' dir='ltr'>ὁμοῦ</span> <span class='ocrx_word' id='word_1_93' title='bbox 553 1789 587 1832; x_wconf 88' lang='grc' dir='ltr'>τε</span> <span class='ocrx_word' id='word_1_94' title='bbox 611 1769 662 1833; x_wconf 88' lang='grc' dir='ltr'>καὶ</span> <span class='ocrx_word' id='word_1_95' title='bbox 686 1771 909 1848; x_wconf 87' lang='grc' dir='ltr'>μιςαλλήλους;</span> <span class='ocrx_word' id='word_1_96' title='bbox 939 1773 1052 1848; x_wconf 91' lang='grc' dir='ltr'>χρῆναι</span> <span class='ocrx_word' id='word_1_97' title='bbox 1075 1767 1136 1846; x_wconf 90' lang='grc' dir='ltr'>γὰρ</span> <span class='ocrx_word' id='word_1_98' title='bbox 1160 1767 1267 1845; x_wconf 86' lang='grc' dir='ltr'>ἔγωγέ</span> <span class='ocrx_word' id='word_1_99' title='bbox 1299 1790 1386 1849; x_wconf 90' lang='grc' dir='ltr'>φημι</span> 
     </span>
     <span class='ocr_line' id='line_1_14' title="bbox 225 1873 1384 1954; baseline 0.003 -17"><span class='ocrx_word' id='word_1_100' title='bbox 225 1876 300 1938; x_wconf 86' lang='grc' dir='ltr'>τοὺς</span> <span class='ocrx_word' id='word_1_101' title='bbox 324 1873 408 1940; x_wconf 83' lang='grc' dir='ltr'>ἅπαξ</span> <span class='ocrx_word' id='word_1_102' title='bbox 433 1875 639 1954; x_wconf 84' lang='grc' dir='ltr'>εἰλημμένους</span> <span class='ocrx_word' id='word_1_103' title='bbox 663 1881 731 1940; x_wconf 87' lang='grc' dir='ltr'>τοῖς</span> <span class='ocrx_word' id='word_1_104' title='bbox 755 1875 845 1939; x_wconf 91' lang='grc' dir='ltr'>ἰδίοις</span> <span class='ocrx_word' id='word_1_105' title='bbox 864 1875 1029 1953; x_wconf 91' lang='grc' dir='ltr'>πταίςμαςι</span> <span class='ocrx_word' id='word_1_106' title='bbox 1053 1875 1104 1939; x_wconf 86' lang='grc' dir='ltr'>καὶ</span> <span class='ocrx_word' id='word_1_107' title='bbox 1123 1875 1210 1939; x_wconf 83' lang='grc' dir='ltr'>δίκας</span> <span class='ocrx_word' id='word_1_108' title='bbox 1233 1873 1384 1954; x_wconf 88' lang='grc' dir='ltr'>ὑπέχον-</span> 
     </span>
     <span class='ocr_line' id='line_1_15' title="bbox 225 1977 1385 2066; baseline 0.003 -22"><span class='ocrx_word' id='word_1_109' title='bbox 225 2002 281 2044; x_wconf 95' lang='grc' dir='ltr'>τας</span> <span class='ocrx_word' id='word_1_110' title='bbox 288 1977 313 2066; x_wconf 78' lang='lat'>³)</span> <span class='ocrx_word' id='word_1_111' title='bbox 337 1986 405 2046; x_wconf 88' lang='grc' dir='ltr'>τοῖς</span> <span class='ocrx_word' id='word_1_112' title='bbox 423 1980 589 2047; x_wconf 89' lang='grc' dir='ltr'>κολάζουςι</span> <span class='ocrx_word' id='word_1_113' title='bbox 607 1982 718 2061; x_wconf 92' lang='grc' dir='ltr'>νόμοις</span> <span class='ocrx_word' id='word_1_114' title='bbox 736 1982 944 2061; x_wconf 83' lang='grc' dir='ltr'>ἐποικτείρειν</span> <span class='ocrx_word' id='word_1_115' title='bbox 964 1984 1086 2060; x_wconf 85' lang='grc' dir='ltr'>μᾶλλον</span> <span class='ocrx_word' id='word_1_116' title='bbox 1105 1981 1149 2046; x_wconf 86' lang='grc' dir='ltr'>ὡς</span> <span class='ocrx_word' id='word_1_117' title='bbox 1168 1982 1385 2062; x_wconf 91' lang='grc' dir='ltr'>πεπραχότας</span> 
     </span>
     <span class='ocr_line' id='line_1_16' title="bbox 225 2086 1384 2169; baseline 0.003 -18"><span class='ocrx_word' id='word_1_118' title='bbox 225 2086 351 2168; x_wconf 83' lang='grc' dir='ltr'>ἀθλίως,</span> <span class='ocrx_word' id='word_1_119' title='bbox 375 2087 419 2150; x_wconf 83' lang='grc' dir='ltr'>ὡς</span> <span class='ocrx_word' id='word_1_120' title='bbox 442 2089 475 2153; x_wconf 84' lang='grc' dir='ltr'>ἐξ</span> <span class='ocrx_word' id='word_1_121' title='bbox 499 2087 662 2153; x_wconf 88' lang='grc' dir='ltr'>ἀςθενείας</span> <span class='ocrx_word' id='word_1_122' title='bbox 685 2087 887 2168; x_wconf 89' lang='grc' dir='ltr'>ἀνθρωπίνης</span> <span class='ocrx_word' id='word_1_123' title='bbox 910 2088 1105 2167; x_wconf 84' lang='grc' dir='ltr'>ἑμπεςόντας</span> <span class='ocrx_word' id='word_1_124' title='bbox 1129 2088 1174 2153; x_wconf 92' lang='grc' dir='ltr'>εἰς</span> <span class='ocrx_word' id='word_1_125' title='bbox 1196 2093 1308 2169; x_wconf 81' lang='grc' dir='ltr'>τοῦτο,</span> <span class='ocrx_word' id='word_1_126' title='bbox 1336 2090 1384 2155; x_wconf 84' lang='grc' dir='ltr'>ὡς</span> 
     </span>
     <span class='ocr_line' id='line_1_17' title="bbox 225 2195 1384 2275; baseline 0.004 -18"><span class='ocrx_word' id='word_1_127' title='bbox 225 2198 406 2273; x_wconf 88' lang='grc' dir='ltr'>διαβολικής</span> <span class='ocrx_word' id='word_1_128' title='bbox 430 2195 613 2274; x_wconf 90' lang='grc' dir='ltr'>ςκαιότητος</span> <span class='ocrx_word' id='word_1_129' title='bbox 636 2197 831 2274; x_wconf 88' lang='grc' dir='ltr'>γενομένους</span> <span class='ocrx_word' id='word_1_130' title='bbox 851 2198 985 2275; x_wconf 84' lang='grc' dir='ltr'>θήραμα,</span> <span class='ocrx_word' id='word_1_131' title='bbox 1009 2195 1059 2259; x_wconf 88' lang='grc' dir='ltr'>καὶ</span> <span class='ocrx_word' id='word_1_132' title='bbox 1083 2197 1122 2274; x_wconf 89' lang='grc' dir='ltr'>μὴ</span> <span class='ocrx_word' id='word_1_133' title='bbox 1147 2199 1297 2261; x_wconf 87' lang='grc' dir='ltr'>πεςοῦςιν</span> <span class='ocrx_word' id='word_1_134' title='bbox 1324 2199 1384 2262; x_wconf 89' lang='grc' dir='ltr'>αὐ-</span> 
     </span>
     <span class='ocr_line' id='line_1_18' title="bbox 225 2302 1384 2382; baseline 0.003 -17"><span class='ocrx_word' id='word_1_135' title='bbox 225 2307 292 2366; x_wconf 84' lang='grc' dir='ltr'>τοῖς</span> <span class='ocrx_word' id='word_1_136' title='bbox 316 2304 492 2380; x_wconf 84' lang='grc' dir='ltr'>ἐπιμειδιᾶν</span> <span class='ocrx_word' id='word_1_137' title='bbox 515 2304 565 2366; x_wconf 85' lang='grc' dir='ltr'>καὶ</span> <span class='ocrx_word' id='word_1_138' title='bbox 589 2303 661 2367; x_wconf 83' lang='grc' dir='ltr'>οἷον</span> <span class='ocrx_word' id='word_1_139' title='bbox 684 2304 887 2381; x_wconf 86' lang='grc' dir='ltr'>ἐπορχεῑςθαι</span> <span class='ocrx_word' id='word_1_140' title='bbox 910 2303 1065 2381; x_wconf 86' lang='grc' dir='ltr'>κειμένοις</span> <span class='ocrx_word' id='word_1_141' title='bbox 1088 2302 1138 2365; x_wconf 85' lang='grc' dir='ltr'>καὶ</span> <span class='ocrx_word' id='word_1_142' title='bbox 1161 2305 1384 2382; x_wconf 88' lang='grc' dir='ltr'>καταφροντί-</span> 
     </span>
     <span class='ocr_line' id='line_1_19' title="bbox 224 2388 887 2487; baseline 0 -15"><span class='ocrx_word' id='word_1_143' title='bbox 224 2412 290 2473; x_wconf 92' lang='grc' dir='ltr'>ζειν</span> <span class='ocrx_word' id='word_1_144' title='bbox 314 2408 424 2482; x_wconf 75' lang='grc' dir='ltr'>αὐτοῖς</span> <span class='ocrx_word' id='word_1_145' title='bbox 447 2407 703 2487; x_wconf 89' lang='grc' dir='ltr'>ἀφιλοςτοργίαν.</span> <span class='ocrx_word' id='word_1_146' title='bbox 881 2388 887 2398; x_wconf 52' lang='grc'><strong>’</strong></span> 
     </span>
    </p>

    <p class='ocr_par' dir='ltr' id='par_1_6' title="bbox 225 2516 1387 3883">
     <span class='ocr_line' id='line_1_20' title="bbox 315 2516 1384 2598; baseline 0.006 -20"><span class='ocrx_word' id='word_1_147' title='bbox 315 2518 558 2596; x_wconf 84' lang='lat' dir='ltr'>Cui-fragmento</span> <span class='ocrx_word' id='word_1_148' title='bbox 578 2518 650 2577; x_wconf 92' lang='lat' dir='ltr'>haec</span> <span class='ocrx_word' id='word_1_149' title='bbox 681 2519 711 2577; x_wconf 91' lang='lat' dir='ltr'>in</span> <span class='ocrx_word' id='word_1_150' title='bbox 736 2518 838 2577; x_wconf 88' lang='lat' dir='ltr'>codice</span> <span class='ocrx_word' id='word_1_151' title='bbox 861 2520 1107 2598; x_wconf 88' lang='lat' dir='ltr'>praemittuntur:</span> <span class='ocrx_word' id='word_1_152' title='bbox 1134 2519 1193 2579; x_wconf 88' lang='grc' dir='ltr'>τοίι</span> <span class='ocrx_word' id='word_1_153' title='bbox 1216 2516 1322 2582; x_wconf 83' lang='grc' dir='ltr'>αὐτοῦ</span> <span class='ocrx_word' id='word_1_154' title='bbox 1347 2519 1384 2583; x_wconf 82' lang='grc' dir='ltr'>ἐκ</span> 
     </span>
     <span class='ocr_line' id='line_1_21' title="bbox 226 2619 1383 2704; baseline 0.003 -20"><span class='ocrx_word' id='word_1_155' title='bbox 226 2625 283 2685; x_wconf 84' lang='grc' dir='ltr'>τοῦ</span> <span class='ocrx_word' id='word_1_156' title='bbox 303 2620 329 2688; x_wconf 83' lang='grc' dir='ltr'>ζ’</span> <span class='ocrx_word' id='word_1_157' title='bbox 348 2621 449 2697; x_wconf 92' lang='grc' dir='ltr'>λόγου</span> <span class='ocrx_word' id='word_1_158' title='bbox 467 2625 534 2685; x_wconf 86' lang='grc' dir='ltr'>τῶν</span> <span class='ocrx_word' id='word_1_159' title='bbox 553 2621 633 2685; x_wconf 91' lang='grc' dir='ltr'>κατά</span> <span class='ocrx_word' id='word_1_160' title='bbox 651 2619 834 2701; x_wconf 88' lang='grc' dir='ltr'>Ἰουλιανοῦ,</span> <span class='ocrx_word' id='word_1_161' title='bbox 854 2643 951 2704; x_wconf 91' lang='lat' dir='ltr'>neque</span> <span class='ocrx_word' id='word_1_162' title='bbox 970 2634 1069 2686; x_wconf 88' lang='lat' dir='ltr'>tamen</span> <span class='ocrx_word' id='word_1_163' title='bbox 1084 2633 1180 2701; x_wconf 81' lang='lat' dir='ltr'>exstat</span> <span class='ocrx_word' id='word_1_164' title='bbox 1198 2627 1228 2684; x_wconf 92' lang='lat' dir='ltr'>in</span> <span class='ocrx_word' id='word_1_165' title='bbox 1249 2629 1383 2704; x_wconf 83' lang='lat' dir='ltr'>septimo</span> 
     </span>
     <span class='ocr_line' id='line_1_22' title="bbox 225 2730 1382 2815; baseline 0.003 -25"><span class='ocrx_word' id='word_1_166' title='bbox 225 2731 301 2791; x_wconf 85' lang='lat' dir='ltr'>libre</span> <span class='ocrx_word' id='word_1_167' title='bbox 326 2750 423 2810; x_wconf 91' lang='lat' dir='ltr'>neque</span> <span class='ocrx_word' id='word_1_168' title='bbox 447 2733 567 2791; x_wconf 85' lang='lat' dir='ltr'>omnine</span> <span class='ocrx_word' id='word_1_169' title='bbox 591 2733 622 2790; x_wconf 93' lang='lat' dir='ltr'>in</span> <span class='ocrx_word' id='word_1_170' title='bbox 640 2733 735 2810; x_wconf 90' lang='lat' dir='ltr'>prima</span> <span class='ocrx_word' id='word_1_171' title='bbox 754 2731 872 2792; x_wconf 84' lang='lat' dir='ltr'><strong>decade.</strong></span> <span class='ocrx_word' id='word_1_172' title='bbox 910 2732 1004 2815; x_wconf 82' lang='lat' dir='ltr'>Quam</span> <span class='ocrx_word' id='word_1_173' title='bbox 1023 2730 1225 2792; x_wconf 89' lang='lat' dir='ltr'>dilticultatem</span> <span class='ocrx_word' id='word_1_174' title='bbox 1246 2732 1382 2810; x_wconf 76' lang='lat' dir='ltr'><strong>Angelus</strong></span> 
     </span>
     <span class='ocr_line' id='line_1_23' title="bbox 227 2836 1381 2917; baseline 0.002 -20"><span class='ocrx_word' id='word_1_175' title='bbox 227 2838 320 2898; x_wconf 88' lang='lat' dir='ltr'>Maius</span> <span class='ocrx_word' id='word_1_176' title='bbox 343 2839 384 2898; x_wconf 89' lang='lat' dir='ltr'>ita</span> <span class='ocrx_word' id='word_1_177' title='bbox 408 2836 511 2897; x_wconf 90' lang='lat' dir='ltr'>tollere</span> <span class='ocrx_word' id='word_1_178' title='bbox 531 2837 655 2916; x_wconf 85' lang='lat' dir='ltr'><strong>studuit,</strong></span> <span class='ocrx_word' id='word_1_179' title='bbox 674 2847 707 2898; x_wconf 91' lang='lat' dir='ltr'>ut</span> <span class='ocrx_word' id='word_1_180' title='bbox 729 2840 760 2897; x_wconf 91' lang='lat' dir='ltr'>in</span> <span class='ocrx_word' id='word_1_181' title='bbox 784 2837 888 2898; x_wconf 91' lang='lat' dir='ltr'>lacuna</span> <span class='ocrx_word' id='word_1_182' title='bbox 908 2857 982 2917; x_wconf 90' lang='lat' dir='ltr'>quae</span> <span class='ocrx_word' id='word_1_183' title='bbox 1002 2840 1152 2899; x_wconf 88' lang='lat' dir='ltr'>invenitur</span> <span class='ocrx_word' id='word_1_184' title='bbox 1175 2839 1205 2897; x_wconf 93' lang='lat' dir='ltr'>in</span> <span class='ocrx_word' id='word_1_185' title='bbox 1228 2837 1288 2897; x_wconf 88' lang='lat' dir='ltr'>linc</span> <span class='ocrx_word' id='word_1_186' title='bbox 1309 2837 1381 2899; x_wconf 80' lang='lat' dir='ltr'>libri</span> 
     </span>
     <span class='ocr_line' id='line_1_24' title="bbox 225 2939 1379 3025; baseline 0.003 -22"><span class='ocrx_word' id='word_1_187' title='bbox 225 2944 284 3004; x_wconf 90' lang='lat' dir='ltr'>Vll.</span> <span class='ocrx_word' id='word_1_188' title='bbox 304 2965 331 3025; x_wconf 92' lang='lat' dir='ltr'>p.</span> <span class='ocrx_word' id='word_1_189' title='bbox 347 2940 443 3006; x_wconf 78' lang='lat'>2501]</span> <span class='ocrx_word' id='word_1_190' title='bbox 466 2945 562 3023; x_wconf 88' lang='lat' dir='ltr'>posita</span> <span class='ocrx_word' id='word_1_191' title='bbox 581 2943 651 3002; x_wconf 90' lang='lat' dir='ltr'>olim</span> <span class='ocrx_word' id='word_1_192' title='bbox 675 2944 766 3003; x_wconf 90' lang='lat' dir='ltr'>luisse</span> <span class='ocrx_word' id='word_1_193' title='bbox 786 2944 981 3004; x_wconf 77' lang='lat' dir='ltr'>contenderet</span> <span class='ocrx_word' id='word_1_194' title='bbox 1005 2944 1042 3021; x_wconf 86' lang='lat' dir='ltr'>lg.</span> <span class='ocrx_word' id='word_1_195' title='bbox 1057 2939 1099 3003; x_wconf 79' lang='lat'>39</span> <span class='ocrx_word' id='word_1_196' title='bbox 1124 2951 1154 3003; x_wconf 93' lang='lat' dir='ltr'>et</span> <span class='ocrx_word' id='word_1_197' title='bbox 1173 2943 1251 3022; x_wconf 89' lang='lat' dir='ltr'>quod</span> <span class='ocrx_word' id='word_1_198' title='bbox 1276 2948 1379 3023; x_wconf 86' lang='lat' dir='ltr'>sequi·</span> 
     </span>
     <span class='ocr_line' id='line_1_25' title="bbox 227 3049 1380 3132; baseline 0.001 -20"><span class='ocrx_word' id='word_1_199' title='bbox 227 3063 276 3113; x_wconf 90' lang='lat' dir='ltr'>tur</span> <span class='ocrx_word' id='word_1_200' title='bbox 290 3050 341 3113; x_wconf 82' lang='lat'>40.</span> <span class='ocrx_word' id='word_1_201' title='bbox 370 3050 473 3130; x_wconf 89' lang='lat' dir='ltr'>Neque</span> <span class='ocrx_word' id='word_1_202' title='bbox 488 3058 586 3111; x_wconf 88' lang='lat' dir='ltr'>tamen</span> <span class='ocrx_word' id='word_1_203' title='bbox 601 3049 774 3129; x_wconf 80' lang='lat' dir='ltr'>intellegere</span> <span class='ocrx_word' id='word_1_204' title='bbox 788 3068 920 3132; x_wconf 87' lang='lat' dir='ltr'>possum,</span> <span class='ocrx_word' id='word_1_205' title='bbox 940 3050 1087 3130; x_wconf 83' lang='lat' dir='ltr'>quomode</span> <span class='ocrx_word' id='word_1_206' title='bbox 1106 3049 1136 3110; x_wconf 87' lang='lat' dir='ltr'>id</span> <span class='ocrx_word' id='word_1_207' title='bbox 1155 3051 1219 3109; x_wconf 81' lang='lat' dir='ltr'>lieri</span> <span class='ocrx_word' id='word_1_208' title='bbox 1234 3054 1380 3129; x_wconf 89' lang='lat' dir='ltr'>potnerit.</span> 
     </span>
     <span class='ocr_line' id='line_1_26' title="bbox 225 3155 1381 3238; baseline 0.001 -20"><span class='ocrx_word' id='word_1_209' title='bbox 225 3157 425 3236; x_wconf 83' lang='lat' dir='ltr'>Redarguitur</span> <span class='ocrx_word' id='word_1_210' title='bbox 454 3165 552 3217; x_wconf 90' lang='lat' dir='ltr'>autem</span> <span class='ocrx_word' id='word_1_211' title='bbox 576 3155 632 3216; x_wconf 79' lang='grc' dir='ltr'>Μαί</span> <span class='ocrx_word' id='word_1_212' title='bbox 661 3158 807 3217; x_wconf 91' lang='lat' dir='ltr'>sententia</span> <span class='ocrx_word' id='word_1_213' title='bbox 836 3175 885 3238; x_wconf 87' lang='lat' dir='ltr'>eo,</span> <span class='ocrx_word' id='word_1_214' title='bbox 914 3156 991 3236; x_wconf 85' lang='lat' dir='ltr'>qued</span> <span class='ocrx_word' id='word_1_215' title='bbox 1021 3156 1076 3216; x_wconf 89' lang='lat' dir='ltr'>alio</span> <span class='ocrx_word' id='word_1_216' title='bbox 1105 3155 1190 3216; x_wconf 87' lang='lat' dir='ltr'><strong>modo</strong></span> <span class='ocrx_word' id='word_1_217' title='bbox 1219 3157 1381 3236; x_wconf 87' lang='lat' dir='ltr'>suppletur</span> 
     </span>
     <span class='ocr_line' id='line_1_27' title="bbox 226 3260 1382 3343; baseline 0.004 -21"><span class='ocrx_word' id='word_1_218' title='bbox 226 3263 329 3324; x_wconf 90' lang='lat' dir='ltr'>lacuna</span> <span class='ocrx_word' id='word_1_219' title='bbox 348 3265 379 3322; x_wconf 92' lang='lat' dir='ltr'>in</span> <span class='ocrx_word' id='word_1_220' title='bbox 398 3265 509 3342; x_wconf 88' lang='lat' dir='ltr'>optimo</span> <span class='ocrx_word' id='word_1_221' title='bbox 529 3263 631 3323; x_wconf 84' lang='lat' dir='ltr'>codice</span> <span class='ocrx_word' id='word_1_222' title='bbox 650 3261 797 3323; x_wconf 84' lang='lat' dir='ltr'>Marciano</span> <span class='ocrx_word' id='word_1_223' title='bbox 815 3260 878 3324; x_wconf 82' lang='lat'>123</span> <span class='ocrx_word' id='word_1_224' title='bbox 897 3262 1076 3343; x_wconf 82' lang='lat' dir='ltr'>saec.xl11.,</span> <span class='ocrx_word' id='word_1_225' title='bbox 1095 3265 1146 3341; x_wconf 93' lang='lat' dir='ltr'>qui</span> <span class='ocrx_word' id='word_1_226' title='bbox 1164 3262 1237 3322; x_wconf 91' lang='lat' dir='ltr'>hacc</span> <span class='ocrx_word' id='word_1_227' title='bbox 1256 3263 1382 3327; x_wconf 86' lang='lat' dir='ltr'>exhibet</span> 
     </span>
     <span class='ocr_line' id='line_1_28' title="bbox 226 3364 1382 3448; baseline 0.003 -19"><span class='ocrx_word' id='word_1_228' title='bbox 226 3370 327 3431; x_wconf 90' lang='lat' dir='ltr'>verba:</span> <span class='ocrx_word' id='word_1_229' title='bbox 357 3369 376 3445; x_wconf 87' lang='grc' dir='ltr'>ἢ</span> <span class='ocrx_word' id='word_1_230' title='bbox 404 3365 487 3444; x_wconf 90' lang='grc' dir='ltr'>τάχα</span> <span class='ocrx_word' id='word_1_231' title='bbox 511 3386 574 3429; x_wconf 92' lang='grc' dir='ltr'>που</span> <span class='ocrx_word' id='word_1_232' title='bbox 598 3370 656 3430; x_wconf 84' lang='grc' dir='ltr'>τοῦ</span> <span class='ocrx_word' id='word_1_233' title='bbox 680 3367 811 3445; x_wconf 87' lang='grc' dir='ltr'>πρώτου</span> <span class='ocrx_word' id='word_1_234' title='bbox 839 3367 877 3430; x_wconf 91' lang='grc' dir='ltr'>τὸ</span> <span class='ocrx_word' id='word_1_235' title='bbox 901 3367 1054 3444; x_wconf 89' lang='grc' dir='ltr'>δεύτερον</span> <span class='ocrx_word' id='word_1_236' title='bbox 1082 3365 1206 3448; x_wconf 84' lang='grc' dir='ltr'>ἡττῷτο</span> <span class='ocrx_word' id='word_1_237' title='bbox 1230 3364 1270 3429; x_wconf 86' lang='grc' dir='ltr'>ἂν</span> <span class='ocrx_word' id='word_1_238' title='bbox 1296 3367 1382 3431; x_wconf 88' lang='grc' dir='ltr'>κατά</span> 
     </span>
     <span class='ocr_line' id='line_1_29' title="bbox 225 3470 1387 3562; baseline 0.002 -25"><span class='ocrx_word' id='word_1_239' title='bbox 225 3473 343 3549; x_wconf 88' lang='grc' dir='ltr'>γετὸν</span> <span class='ocrx_word' id='word_1_240' title='bbox 367 3470 477 3550; x_wconf 88' lang='grc' dir='ltr'>ἀκριβῆ</span> <span class='ocrx_word' id='word_1_241' title='bbox 507 3472 558 3536; x_wconf 89' lang='grc' dir='ltr'>καὶ</span> <span class='ocrx_word' id='word_1_242' title='bbox 581 3471 617 3535; x_wconf 86' lang='grc' dir='ltr'>εὗ</span> <span class='ocrx_word' id='word_1_243' title='bbox 641 3471 759 3551; x_wconf 85' lang='grc' dir='ltr'>ἔχοντα</span> <span class='ocrx_word' id='word_1_244' title='bbox 783 3472 947 3551; x_wconf 90' lang='grc' dir='ltr'>λογιςμόν·</span> <span class='ocrx_word' id='word_1_245' title='bbox 971 3473 1101 3553; x_wconf 89' lang='grc' dir='ltr'>&lt;μεῖζον</span> <span class='ocrx_word' id='word_1_246' title='bbox 1129 3472 1190 3550; x_wconf 90' lang='grc' dir='ltr'>γὰρ</span> <span class='ocrx_word' id='word_1_247' title='bbox 1222 3470 1312 3549; x_wconf 82' lang='grc' dir='ltr'>οἶμαι</span> <span class='ocrx_word' id='word_1_248' title='bbox 1341 3476 1387 3562; x_wconf 40' lang='grc' dir='ltr'>τὸ,</span> 
     </span>
     <span class='ocr_line' id='line_1_30' title="bbox 226 3578 1378 3660; baseline 0.003 -19"><span class='ocrx_word' id='word_1_249' title='bbox 226 3582 436 3656; x_wconf 86' lang='grc' dir='ltr'>παρενεγκεῖν</span> <span class='ocrx_word' id='word_1_250' title='bbox 459 3578 504 3642; x_wconf 90' lang='grc' dir='ltr'>εἰς</span> <span class='ocrx_word' id='word_1_251' title='bbox 527 3578 661 3656; x_wconf 85' lang='grc' dir='ltr'>ὕπαρξιν</span> <span class='ocrx_word' id='word_1_252' title='bbox 684 3579 723 3642; x_wconf 89' lang='grc' dir='ltr'>τὰ</span> <span class='ocrx_word' id='word_1_253' title='bbox 747 3579 805 3642; x_wconf 87' lang='grc' dir='ltr'>οὐκ</span> <span class='ocrx_word' id='word_1_254' title='bbox 829 3578 908 3643; x_wconf 87' lang='grc' dir='ltr'>ὄντα</span> <span class='ocrx_word' id='word_1_255' title='bbox 936 3580 1015 3642; x_wconf 85' lang='grc' dir='ltr'>ποτὲ</span> <span class='ocrx_word' id='word_1_256' title='bbox 1039 3581 1058 3657; x_wconf 86' lang='grc' dir='ltr'>ἢ</span> <span class='ocrx_word' id='word_1_257' title='bbox 1082 3579 1120 3641; x_wconf 87' lang='grc' dir='ltr'>τὸ</span> <span class='ocrx_word' id='word_1_258' title='bbox 1147 3579 1207 3657; x_wconf 90' lang='grc' dir='ltr'>ήδη</span> <span class='ocrx_word' id='word_1_259' title='bbox 1232 3599 1378 3660; x_wconf 87' lang='grc' dir='ltr'>παρενη-</span> 
     </span>
     <span class='ocr_line' id='line_1_31' title="bbox 226 3683 1382 3766; baseline 0.003 -17"><span class='ocrx_word' id='word_1_260' title='bbox 226 3684 404 3766; x_wconf 90' lang='grc' dir='ltr'>νεγμένον&gt;</span> <span class='ocrx_word' id='word_1_261' title='bbox 437 3684 488 3748; x_wconf 91' lang='grc' dir='ltr'>καί</span> <span class='ocrx_word' id='word_1_262' title='bbox 520 3705 549 3748; x_wconf 88' lang='grc' dir='ltr'>τι</span> <span class='ocrx_word' id='word_1_263' title='bbox 582 3688 649 3748; x_wconf 87' lang='grc' dir='ltr'>τῶν</span> <span class='ocrx_word' id='word_1_264' title='bbox 681 3683 848 3764; x_wconf 90' lang='grc' dir='ltr'>ἀδοκήτων</span> <span class='ocrx_word' id='word_1_265' title='bbox 885 3685 1026 3749; x_wconf 87' lang='grc' dir='ltr'>ὑποςτάν</span> <span class='ocrx_word' id='word_1_266' title='bbox 1059 3683 1245 3762; x_wconf 89' lang='grc' dir='ltr'>ἀνακομίςαι</span> <span class='ocrx_word' id='word_1_267' title='bbox 1277 3685 1382 3753; x_wconf 85' lang='grc' dir='ltr'>πάλιν</span> 
     </span>
     <span class='ocr_line' id='line_1_32' title="bbox 226 3789 1382 3883; baseline 0.003 -28"><span class='ocrx_word' id='word_1_268' title='bbox 226 3791 270 3855; x_wconf 93' lang='grc' dir='ltr'>εἰς</span> <span class='ocrx_word' id='word_1_269' title='bbox 298 3791 379 3869; x_wconf 91' lang='grc' dir='ltr'>ὅπερ</span> <span class='ocrx_word' id='word_1_270' title='bbox 407 3792 447 3870; x_wconf 88' lang='grc' dir='ltr'>ήν</span> <span class='ocrx_word' id='word_1_271' title='bbox 474 3791 511 3856; x_wconf 86' lang='grc' dir='ltr'>ἐν</span> <span class='ocrx_word' id='word_1_272' title='bbox 540 3789 660 3883; x_wconf 82' lang='grc' dir='ltr'>ἀρχαῖς.</span> <span class='ocrx_word' id='word_1_273' title='bbox 702 3796 798 3873; x_wconf 81' lang='lat' dir='ltr'>Atque</span> <span class='ocrx_word' id='word_1_274' title='bbox 827 3794 931 3855; x_wconf 85' lang='lat' dir='ltr'>eadem</span> <span class='ocrx_word' id='word_1_275' title='bbox 964 3793 1051 3854; x_wconf 87' lang='grc' dir='ltr'>ωοάο</span> <span class='ocrx_word' id='word_1_276' title='bbox 1079 3792 1214 3854; x_wconf 82' lang='lat' dir='ltr'>lacunam</span> <span class='ocrx_word' id='word_1_277' title='bbox 1247 3794 1382 3873; x_wconf 86' lang='lat' dir='ltr'>explevit</span> 
     </span>
    </p>
   </div>
   <div class='ocr_carea' id='block_1_5' title="bbox 119 3897 1382 3983">
    <p class='ocr_par' dir='ltr' id='par_1_7' title="bbox 119 3897 1382 3983">
     <span class='ocr_line' id='line_1_33' title="bbox 119 3897 1382 3983; baseline 0.002 -22"><span class='ocrx_word' id='word_1_278' title='bbox 119 3948 130 3961; x_wconf 91' lang='lat'><em>.</em></span> <span class='ocrx_word' id='word_1_279' title='bbox 226 3901 318 3960; x_wconf 86' lang='lat' dir='ltr'>codex</span> <span class='ocrx_word' id='word_1_280' title='bbox 347 3899 512 3979; x_wconf 87' lang='lat' dir='ltr'>depertitus</span> <span class='ocrx_word' id='word_1_281' title='bbox 537 3898 709 3983; x_wconf 81' lang='lat' dir='ltr'>Capnicnis‚</span> <span class='ocrx_word' id='word_1_282' title='bbox 737 3920 826 3980; x_wconf 87' lang='lat' dir='ltr'>quern</span> <span class='ocrx_word' id='word_1_283' title='bbox 850 3905 880 3962; x_wconf 93' lang='lat' dir='ltr'>in</span> <span class='ocrx_word' id='word_1_284' title='bbox 909 3899 1140 3979; x_wconf 81' lang='lat' dir='ltr'>interpretandis</span> <span class='ocrx_word' id='word_1_285' title='bbox 1164 3897 1264 3978; x_wconf 82' lang='lat' dir='ltr'>Cyrilli</span> <span class='ocrx_word' id='word_1_286' title='bbox 1293 3900 1382 3963; x_wconf 89' lang='lat' dir='ltr'>libris</span> 
     </span>
    </p>
   </div>
   <div class='ocr_carea' id='block_1_6' title="bbox 224 4105 1382 4532">
    <p class='ocr_par' dir='ltr' id='par_1_8' title="bbox 224 4105 1382 4354">
     <span class='ocr_line' id='line_1_34' title="bbox 299 4105 1381 4178; baseline 0.003 -18"><span class='ocrx_word' id='word_1_287' title='bbox 299 4112 325 4178; x_wconf 87' lang='lat'>1)</span> <span class='ocrx_word' id='word_1_288' title='bbox 343 4107 581 4175; x_wconf 87' lang='grc' dir='ltr'>προηρωτηκότος</span> <span class='ocrx_word' id='word_1_289' title='bbox 594 4112 646 4160; x_wconf 85' lang='grc' dir='ltr'>τοθ</span> <span class='ocrx_word' id='word_1_290' title='bbox 664 4112 716 4161; x_wconf 89' lang='grc' dir='ltr'>νοθ</span> <span class='ocrx_word' id='word_1_291' title='bbox 730 4111 781 4174; x_wconf 85' lang='grc' dir='ltr'>τῆς</span> <span class='ocrx_word' id='word_1_292' title='bbox 800 4105 942 4172; x_wconf 79' lang='grc' dir='ltr'>ἐπιθυμίας</span> <span class='ocrx_word' id='word_1_293' title='bbox 956 4106 1016 4162; x_wconf 87' lang='grc' dir='ltr'>οοά.</span> <span class='ocrx_word' id='word_1_294' title='bbox 1030 4107 1243 4174; x_wconf 86' lang='grc' dir='ltr'>προηρτηκότος</span> <span class='ocrx_word' id='word_1_295' title='bbox 1256 4113 1312 4162; x_wconf 88' lang='grc' dir='ltr'>τοθ</span> <span class='ocrx_word' id='word_1_296' title='bbox 1326 4115 1381 4163; x_wconf 87' lang='grc' dir='ltr'>νοθ</span> 
     </span>
     <span class='ocr_line' id='line_1_35' title="bbox 225 4178 1382 4264; baseline 0.001 -13"><span class='ocrx_word' id='word_1_297' title='bbox 225 4202 276 4264; x_wconf 86' lang='grc' dir='ltr'>τῆς</span> <span class='ocrx_word' id='word_1_298' title='bbox 294 4196 438 4262; x_wconf 80' lang='grc' dir='ltr'>ἐπιθυμίας</span> <span class='ocrx_word' id='word_1_299' title='bbox 454 4194 591 4264; x_wconf 81' lang='lat' dir='ltr'>Lequien3</span> <span class='ocrx_word' id='word_1_300' title='bbox 611 4196 660 4250; x_wconf 87' lang='lat' dir='ltr'>sed</span> <span class='ocrx_word' id='word_1_301' title='bbox 679 4195 734 4250; x_wconf 88' lang='lat' dir='ltr'>dici</span> <span class='ocrx_word' id='word_1_302' title='bbox 750 4178 851 4250; x_wconf 66' lang='lat' dir='ltr'>cabul</span> <span class='ocrx_word' id='word_1_303' title='bbox 863 4197 1086 4263; x_wconf 87' lang='grc' dir='ltr'>προηρτημένου.</span> <span class='ocrx_word' id='word_1_304' title='bbox 1105 4196 1308 4262; x_wconf 86' lang='grc' dir='ltr'>προηλωκάτος</span> <span class='ocrx_word' id='word_1_305' title='bbox 1326 4204 1382 4252; x_wconf 86' lang='grc' dir='ltr'>τοθ</span> 
     </span>
     <span class='ocr_line' id='line_1_36' title="bbox 224 4284 602 4354; baseline 0.003 -17"><span class='ocrx_word' id='word_1_306' title='bbox 224 4290 275 4338; x_wconf 90' lang='grc' dir='ltr'>νοθ</span> <span class='ocrx_word' id='word_1_307' title='bbox 293 4291 329 4354; x_wconf 77' lang='grc' dir='ltr'>τι]</span> <span class='ocrx_word' id='word_1_308' title='bbox 349 4285 478 4354; x_wconf 83' lang='grc' dir='ltr'>ἐπιθυμίᾳ</span> <span class='ocrx_word' id='word_1_309' title='bbox 496 4284 602 4354; x_wconf 78' lang='lat' dir='ltr'>scripsi.</span> 
     </span>
    </p>

    <p class='ocr_par' dir='ltr' id='par_1_9' title="bbox 297 4373 1342 4444">
     <span class='ocr_line' id='line_1_37' title="bbox 297 4373 1342 4444; baseline 0.004 -17"><span class='ocrx_word' id='word_1_310' title='bbox 297 4377 323 4441; x_wconf 78' lang='lat'>2)</span> <span class='ocrx_word' id='word_1_311' title='bbox 342 4375 519 4439; x_wconf 76' lang='grc' dir='ltr'>ἀποδέχεταη</span> <span class='ocrx_word' id='word_1_312' title='bbox 539 4374 670 4439; x_wconf 87' lang='grc' dir='ltr'>θαυμάζει</span> <span class='ocrx_word' id='word_1_313' title='bbox 690 4373 813 4443; x_wconf 88' lang='lat' dir='ltr'>Lequien</span> <span class='ocrx_word' id='word_1_314' title='bbox 833 4374 1010 4442; x_wconf 87' lang='grc' dir='ltr'>ἀποδέχεται,</span> <span class='ocrx_word' id='word_1_315' title='bbox 1030 4375 1161 4440; x_wconf 81' lang='grc' dir='ltr'>θαυμάζει</span> <span class='ocrx_word' id='word_1_316' title='bbox 1181 4375 1211 4428; x_wconf 83' lang='grc' dir='ltr'>δὲ</span> <span class='ocrx_word' id='word_1_317' title='bbox 1230 4373 1342 4444; x_wconf 82' lang='lat' dir='ltr'>scripsi.</span> 
     </span>
    </p>

    <p class='ocr_par' dir='ltr' id='par_1_10' title="bbox 296 4462 933 4532">
     <span class='ocr_line' id='line_1_38' title="bbox 296 4462 933 4532; baseline 0.005 -17"><span class='ocrx_word' id='word_1_318' title='bbox 296 4465 324 4532; x_wconf 85' lang='lat'>3)</span> <span class='ocrx_word' id='word_1_319' title='bbox 342 4464 496 4530; x_wconf 86' lang='grc' dir='ltr'>ὑπέχοντας</span> <span class='ocrx_word' id='word_1_320' title='bbox 515 4462 645 4532; x_wconf 80' lang='lat' dir='ltr'>Mignius.</span> <span class='ocrx_word' id='word_1_321' title='bbox 664 4463 815 4530; x_wconf 78' lang='grc' dir='ltr'>ἐπέχοντας</span> <span class='ocrx_word' id='word_1_322' title='bbox 833 4463 933 4518; x_wconf 83' lang='lat' dir='ltr'>Maius.</span> 
     </span>
    </p>
   </div>
   <div class='ocr_carea' id='block_1_7' title="bbox 0 0 1468 5040">
    <p class='ocr_par' dir='ltr' id='par_1_11' title="bbox 0 0 1468 5040">
     <span class='ocr_line' id='line_1_39' title="bbox 0 0 1468 5040; baseline 0 0"><span class='ocrx_word' id='word_1_323' title='bbox 0 0 1468 5040; x_wconf 95' lang='lat' dir='ltr'> </span> 
     </span>
    </p>
   </div>
  </div>
 </body>
</html>
