2926 5040
228 359 293 422 142
689 323 694 328 ’
720 361 812 432 capue
828 362 877 418 111.

227 545 301 605 quae
322 545 497 606 quamquam
521 529 615 607 ipsius
636 527 734 588 studia
753 526 908 606 cyrilliana
931 527 1167 590 luculentissime
1187 529 1373 610 confirmant,

227 633 262 692 ad
278 632 377 712 Cyrilli
396 633 485 694 verba
505 635 712 696 constituenda
731 634 804 694 nihil
823 633 927 695 valent.
962 634 1044 705 Quae
1064 653 1132 696 cum
1151 634 1373 716 intellexissem,

225 740 383 819 plerasque
407 743 471 801 eius
494 740 699 801 adnotationes
722 743 752 801 in
776 740 910 821 exemplo
933 759 1000 801 meo
1024 760 1084 802 non
1107 742 1262 822 descripsi.
1306 741 1375 805 Per·

226 863 320 925 pauca
342 855 440 908 autem
465 864 569 908 manus
593 850 687 926 prima
710 849 742 906 in
766 849 897 928 margine
917 847 1117 925 adnotaverat,
1141 856 1175 909 ut
1197 845 1372 925 ἰουλιανοῦ,

227 952 279 1013 ubi
301 953 406 1015 Iuliani
429 955 627 1032 fragmentum
649 952 823 1035 incipiebat;
846 972 921 1033 quae
944 956 1166 1016 accuratissime
1190 954 1345 1035 descripsi.

316 1054 351 1143 2)
371 1059 470 1121 Codex
485 1055 653 1121 Venetus
671 1055 886 1121 Marcianus
905 1057 983 1131 124,
1002 1063 1033 1121 in
1049 1053 1102 1143 4⁰,
1120 1060 1374 1143 membranaceus,

228 1166 276 1226 iol.
294 1164 369 1249 197,
388 1185 464 1228 saec.
481 1166 539 1227 XV.
576 1167 715 1227 Continet
734 1165 763 1226 S.
783 1165 883 1246 Cyrilli
901 1165 983 1226 Alex.
997 1168 1100 1227 'contra
1116 1165 1263 1229 lulianum
1281 1150 1375 1229 libros

228 1271 269 1354 X;
294 1275 329 1334 cl.
354 1273 469 1336 Zanetti
492 1274 510 1334 1.
530 1272 548 1335 l.
572 1293 599 1353 p.
621 1270 671 1333 71.

315 1376 350 1463 3)
373 1376 402 1442 V
421 1389 467 1442 est
489 1380 582 1440 codex
601 1374 770 1440 Venetus
788 1374 1008 1440 Marcianus
1026 1376 1103 1451 122,
1128 1383 1158 1441 iu
1178 1381 1237 1463 iol,
1261 1382 1372 1444 charta·
1420 1387 1424 1398 '

227 1506 307 1569 ceus,
330 1484 474 1568 101371,
497 1504 572 1546 saec.
591 1484 663 1545 XIV.
702 1485 838 1566 Scriptus
858 1488 937 1547 euim
960 1495 1006 1548 est
1027 1506 1052 1548 a.
1074 1484 1168 1549 1343.
1206 1488 1266 1559 Qui
1289 1507 1371 1551 accu-

226 1603 289 1653 rate
318 1593 486 1672 descriptus
513 1602 559 1653 est
587 1612 603 1652 a
626 1591 759 1653 Zanettio
786 1612 815 1672 p.
836 1589 885 1654 70.
923 1593 1098 1673 Exemplum
1126 1596 1192 1655 eius
1219 1603 1317 1657 exstat
1342 1598 1372 1656 iu

227 1698 444 1760 Wattenbachii
462 1699 604 1778 exemplis
623 1717 651 1759 n.
666 1695 717 1759 23.
755 1699 813 1760 Sed
834 1702 943 1761 errarit
957 1699 1118 1783 Zanettius,
1137 1719 1205 1762 cum
1224 1703 1256 1762 in
1273 1703 1371 1763 codice

226 1808 353 1866 inveniri
372 1806 485 1867 diceret
503 1806 605 1866 decem
625 1804 726 1884 Cyrilli
745 1815 847 1868 contra
866 1807 1012 1868 lulianum
1031 1807 1131 1869 libros.
1159 1807 1276 1870 Desunt
1294 1811 1371 1869 enim

226 1916 411 1993 prooemium
441 1922 471 1973 et
497 1911 566 1973 libri
589 1911 713 1972 Vl.——X.
754 1910 875 1974 Librum
908 1916 1044 1993 quintum
1075 1917 1212 1993 sequitur
1240 1917 1372 1978 eiusdem

227 2019 444 2100 Cyrilli'contra
461 2018 771 2099 anthropomorphitas
785 2019 868 2080 liber.
901 2020 968 2100 lpse
984 2023 1126 2100 temporis
1141 2026 1287 2102 augustiis
1305 2041 1370 2103 pro·

225 2126 338 2189 hibitus
357 2147 417 2188 nou
436 2127 548 2188 contuli
567 2125 677 2186 codicis
696 2128 754 2186 nisi
774 2126 841 2187 lolia
860 2125 1103 2210 202a—210b,
1123 2148 1198 2209 quae
1218 2132 1371 2191 continent

226 2235 364 2296 editionis
382 2234 579 2296 hubertianae
598 2230 884 2313 paginasb-25C
903 2233 929 2296 1.
962 2233 1067 2295 luliani
1087 2235 1252 2314 fragmenta
1270 2244 1372 2316 postea

227 2340 349 2403 Carolus
372 2342 543 2403 Praetorius
566 2343 596 2401 in
622 2358 709 2401 usum
732 2359 831 2401 meum
855 2341 989 2402 contulit.

314 2442 349 2530 4)
374 2443 398 2508 Β
418 2457 464 2509 est
482 2448 575 2508 codex
593 2442 825 2508 Monacensis
844 2443 899 2519 65,
924 2466 1012 2527 quem
1027 2446 1169 2508 llardtius
1189 2442 1289 2532 (catal.
1309 2449 1370 2510 cod.

226 2574 295 2617 mss.
319 2574 361 2635 gr.
385 2555 413 2616 b.
437 2555 469 2616 R.
493 2548 575 2637 Bar.)
604 2557 644 2613 ita
673 2555 827 2616 describit:
861 2551 1066 2636 ‘chartaceus,
1093 2554 1194 2618 charta
1223 2556 1316 2617 solida
1343 2565 1372 2617 et

225 2662 381 2743 laevigata,
411 2661 505 2722 titulis
533 2669 563 2721 et
590 2662 752 2723 initialibus
783 2665 873 2723 minio
902 2664 1042 2743 exaratis,
1069 2662 1165 2723 literis
1191 2665 1315 2725 minutis
1342 2671 1371 2723 et

226 2768 411 2848 elegantibus
434 2786 522 2830 manu
551 2769 693 2852 diversa,
707 2772 738 2831 in
763 2770 832 2831 lolio
856 2771 992 2852 mutilus,
1016 2769 1104 2830 atah
1128 2768 1184 2829 alio
1208 2771 1372 2830 interiectis

226 2874 304 2936 loliis
324 2874 487 2956 suppletus,
510 2864 634 2936 collatus¹
653 2894 721 2936 cum
741 2883 912 2956 prototypo,
936 2873 1177 2946 consensionis
1196 2871 1272 2956 431,
1296 2893 1371 2936 saec.

226 2980 313 3065 xvi,
336 2983 447 3061 optime
471 2977 684 3042 conservatus'.
722 2982 866 3053 Quintum
889 2989 992 3042 contra
1015 2980 1161 3042 lulianum
1189 2980 1300 3042 librum
1323 3000 1370 3042 ex·

226 3091 297 3169 cipit
320 3087 420 3167 Cprilli
448 3094 551 3148 contra
580 3088 850 3167 anthromorpbitas
879 3087 967 3169 liber,
995 3106 1084 3166 quem
1108 3069 1278 3167 sequuntur
1304 3087 1382 3149 libri-

226 3215 250 3256 c.
273 3195 327 3256 lul.
350 3192 476 3253 Vl-X.
515 3193 596 3264 Quae
619 3203 773 3274 praeterea
798 3197 828 3255 iu
852 3195 953 3255 codice
978 3202 1108 3278 exstant,
1134 3194 1277 3256 Hardtius
1300 3214 1370 3257 enu⁴

225 3303 356 3362 merarii.
392 3299 581 3361 Prooemium
600 3301 746 3363 librorum
765 3321 790 3362 c.
809 3301 862 3363 lul.
885 3303 990 3382 incipit
1014 3301 1062 3362 iol.
1085 3299 1134 3385 ia,
1157 3300 1234 3362 liber
1252 3300 1289 3364 X.
1312 3312 1371 3364 ter·

225 3411 354 3470 minatur
386 3408 434 3468 iol.
457 3404 554 3469 200³.
600 3409 703 3488 Neque
737 3418 835 3470 tamen
866 3409 944 3468 loliis
974 3405 1156 3469 la-200a
1189 3409 1373 3489 respondent

225 3517 347 3594 paginae
369 3512 507 3596 1-399,
526 3516 578 3576 sed
596 3512 734 3577 1-435.
771 3515 800 3575 ls
819 3517 907 3596 enim,
925 3517 977 3594 qui
996 3513 1064 3575 lolia
1084 3515 1218 3576 numeris
1237 3517 1371 3595 signarit,

224 3624 265 3682 ita
284 3624 406 3702 erravit,
424 3631 458 3682 ut
476 3640 635 3683 numerum
656 3619 697 3683 12
716 3623 879 3703 omitteret,
899 3639 1041 3681 numeros
1064 3616 1126 3681 115
1146 3628 1176 3681 et
1197 3617 1371 3683 160-179

225 3719 270 3789 bis
294 3738 426 3808 poneret.
464 3727 566 3808 Neque
590 3729 713 3790 mutilus
737 3738 782 3789 est
806 3726 912 3810 codex,
939 3728 991 3788 sed
1014 3745 1090 3805 quae
1113 3726 1235 3809 desunt,
1260 3730 1370 3788 iamin

225 3834 384 3913 archetypo
408 3832 531 3895 deerant
555 3843 643 3895 etex
671 3833 729 3895 alio
753 3834 854 3894 codice
885 3834 1020 3914 suppleta
1044 3840 1122 3894 suut.
1163 3831 1210 3892 lta.
1230 3840 1372 3913 quattuor

225 3942 294 4002 lolia
317 3941 430 4004 adiecta
454 3949 533 4022 sunt,
555 3943 684 4020 primum
708 3941 743 4001 ad
767 3940 816 4002 lol.
831 3937 874 4002 ba
891 3967 933 3990 =
947 3960 976 4020 p.
991 3937 1021 4020 9,
1045 3939 1171 4000 alterum
1196 3947 1226 4000 et
1249 3943 1370 4002 tertium

225 4049 261 4109 ad
281 4049 329 4109 iol.
348 4046 417 4109 431)
437 4075 478 4097 =
497 4067 526 4127 p.
541 4045 592 4128 80,
616 4057 755 4127 quartum
775 4047 810 4109 ad
830 4047 878 4107 iol.
893 4045 961 4108 451)
981 4073 1023 4096 --
1042 4066 1070 4126 p.
1086 4043 1137 4108 84.
1174 4047 1217 4107 Ac
1239 4049 1369 4128 primum

226 4156 346 4234 quidem
374 4157 505 4215 continet
534 4154 622 4215 verba
651 4153 715 4215 Διὸ
738 4154 777 4230 δὴ
808 4155 978 4231 βαβυλῶνα
1003 4186 1041 4196 —-
1067 4151 1141 4215 νὲοε
1169 4151 1205 4214 δὲ
1229 4149 1291 4231 ὤν,
1319 4152 1370 4216 καὶ

226 4291 268 4312 =
287 4284 314 4343 p.
330 4261 349 4324 9
365 4263 388 4322 D
406 4260 513 4324 1-10
528 4259 584 4322 112
599 4261 683 4343 hub,
707 4261 833 4322 alterum
857 4269 887 4322 et
909 4263 1030 4323 tertium
1042 4242 1165 4321 ΙΒούλει
1188 4259 1227 4336 δὴ
1248 4258 1308 4323 οὖν
1327 4295 1368 4304 -—

225 4367 495 4446 ευμβεβούλευκεν
518 4365 576 4430 οὐκ
599 4364 703 4444 ὀρθῶς
722 4395 764 4417 =
788 4388 816 4447 p.
837 4364 879 4428 75
894 4367 915 4428 C
929 4365 1047 4442 4-18
1062 4366 1086 4426 1)
1101 4364 1132 4447 4,
1155 4375 1295 4446 quartum
1319 4366 1369 4430 xci

224 4474 286 4553 μὴν
309 4473 360 4536 καὶ
387 4473 518 4551 ἑτέρωθι
543 4508 581 4518 -
607 4472 756 4552 ἐδώδιμα.
780 4470 818 4534 τό
846 4491 883 4548 γε
907 4473 968 4550 μὴν
992 4471 1035 4536 82
1050 4473 1071 4534 C
1087 4470 1243 4534 6-8313
1259 4472 1367 4535 4hub.
