2926 5040
212 348 256 412 90
717 349 809 418 Caput
827 349 847 401 l.

212 512 361 577 κλείεται
394 513 481 591 παρὰ
515 512 682 592 βαρβάρων
715 512 946 590 ἐπαιδεύθηταν
977 511 1137 590 (Ἐλληνεα
1180 514 1260 576 llaec
1295 525 1368 577 sunt

211 620 393 681 'lheodoreti
418 621 514 682 verba.
551 621 630 682 Num
653 640 723 683 vero
748 622 915 682 censendus
939 631 985 683 est
1013 624 1038 682 is
1062 625 1113 702 qui
1135 622 1243 683 loliani
1270 620 1367 683 libros

211 729 343 789 refutare
368 727 424 788 sibi
447 736 653 810 proposuerat,
676 747 736 788 non
757 731 930 806 cognovisse
952 728 983 788 id
1004 729 1082 807 quod
1106 729 1155 790 ille
1179 728 1368 789 disseruerat

212 829 511 918 (μ.178ΑΒΟΟγν.)
536 836 572 896 de
591 835 768 916 Babyloniis,
791 836 950 916 Aegyptiis,
973 834 1172 897 Phoenicibus
1195 835 1367 897 litterarum

211 940 425 1002 inventoribus.
462 941 540 1002 Num
564 944 683 1002 omnino
703 960 771 1002 eum
796 943 883 1023 lugit,
907 950 1051 1021 quantum
1070 945 1203 1003 omnium
1226 949 1368 1002 moturus

209 1058 289 1110 esset
313 1051 420 1129 risum,
444 1051 469 1109 si
492 1067 602 1128 paucos
627 1049 713 1110 modo
733 1050 913 1111 Graecorum
938 1052 1099 1130 scriptores
1122 1049 1229 1129 legisse
1248 1049 1368 1110 diceret

209 1159 419 1236 imperatorem
447 1155 670 1236 philosophum,
699 1159 769 1236 quin
798 1159 886 1218 etiam
910 1159 949 1217 ita
978 1157 1069 1217 scrisse
1093 1156 1130 1217 ab
1158 1158 1239 1217 omui
1264 1155 1367 1217 erudi·

130 1248 132 1252 ¹
210 1263 290 1322 tione
322 1262 510 1343 destitutum,
539 1271 572 1323 ut
601 1282 652 1324 eos
684 1282 721 1325 ne
749 1273 851 1345 posset
879 1263 998 1342 quidem
1027 1260 1148 1343 legere?
1190 1262 1242 1323 Sat
1272 1265 1369 1342 igitur

211 1387 361 1448 superque
386 1369 422 1428 de
446 1369 593 1430 levissima
617 1370 753 1432 Garnerii
776 1373 955 1432 coniectura.

298 1474 408 1536 Verum
439 1479 589 1538 enimvero
626 1480 714 1538 etiam
742 1480 767 1538 si
796 1480 966 1557 negavimus
998 1477 1028 1537 id
1062 1478 1153 1538 luisse
1181 1476 1370 1539 Theodorcti

210 1582 376 1664 consilium,
399 1591 433 1644 ut
452 1585 595 1645 relutdret
614 1584 718 1645 loliani
744 1584 845 1666 libros,
870 1588 897 1645 ei
916 1603 976 1646 uon
995 1583 1226 1664 adversabimur,
1250 1587 1278 1646 si
1296 1586 1370 1664 quis

209 1689 244 1749 ad
275 1708 379 1750 eorum
409 1699 490 1752 certe
515 1693 713 1770 cognitionem
741 1691 824 1752 illum
854 1694 971 1751 venisse
1000 1690 1167 1751 contendat.
1203 1690 1370 1771 Porphyrii

210 1798 289 1856 enim
312 1796 418 1876 libros,
449 1800 515 1876 quis
539 1797 587 1858 ille
612 1801 771 1878 scripserat
798 1807 902 1859 contra
926 1797 1124 1880 Christianos,
1151 1800 1215 1878 ipse
1244 1798 1370 1860 duobus

212 1903 312 1964 laudat
339 1903 420 1964 locis.
463 1905 598 1975 Quorum
626 1905 751 1965 alterum
777 1924 865 1985 quem
888 1905 1012 1984 protulit
1035 1924 1063 1984 p.
1084 1902 1134 1980 76,
1151 1902 1242 1985 13.G,
1265 1909 1371 1984 potuit

209 2013 339 2071 mutuari
363 2031 399 2071 cx
422 2011 544 2072 Eusebii
567 2030 667 2091 praep.
691 2030 792 2091 evang.
811 2013 823 2072 Ι
839 2010 868 2094 9,
883 2010 935 2092 21,
958 2011 1009 2071 ubi
1028 2011 1107 2071 idem
1130 2013 1263 2091 affertur,
1287 2012 1369 2074 alter

211 2119 261 2196 qni
285 2137 313 2196 p.
328 2115 435 2199 488,1
463 2118 584 2199 legitur,
607 2118 684 2197 apud
708 2118 870 2179 Eusebium
895 2136 954 2177 non
983 2120 1142 2178 invenitur.
1180 2117 1226 2178 Nil
1251 2120 1367 2180 mirum

99 2304 103 2311 ἱ
209 2225 301 2301 igitur
324 2227 412 2284 etiam
436 2224 540 2285 luliani
564 2224 656 2285 libros
679 2226 785 2304 legisse
807 2224 1037 2285 Theodoretum.
1075 2224 1160 2296 Quod
1180 2243 1368 2304 quamquam

209 2334 300 2391 certis
324 2335 506 2411 argumentis
530 2334 641 2393 tirmari
666 2351 725 2392 non
749 2340 856 2413 potest,
881 2351 948 2393 cum
973 2351 1009 2392 ne
1034 2350 1112 2393 rinus
1132 2331 1253 2410 quidem
1275 2330 1367 2393 locus

210 2439 240 2497 iu
265 2437 486 2518 therapeuticae
510 2439 594 2500 libris
612 2459 648 2500 ex
668 2439 772 2499 luliani
797 2441 916 2519 scriptis
935 2440 1088 2520 alleratur,
1112 2457 1146 2499 ea
1169 2446 1268 2499 tamen
1293 2457 1366 2518 pro-

210 2545 300 2604 leram
321 2553 502 2628 argumenta,
521 2547 630 2625 quibus
648 2546 724 2607 hanc
744 2549 944 2607 coniecturam
970 2565 1028 2606 non
1048 2548 1128 2607 omni
1152 2543 1365 2624 probabilitate

210 2669 311 2711 carere
341 2652 503 2712 ostendam.
546 2653 768 2733 Vituperayerat
797 2653 927 2714 lulianus
957 2653 1154 2733 Christianos,
1182 2651 1262 2731 quod
1294 2670 1365 2712 cum

210 2756 322 2818 relictis
345 2777 527 2838 paganorum
556 2762 646 2820 sacris
670 2760 846 2821 ludaeorum
871 2761 956 2840 sequi
979 2759 1153 2820 maluissent
1176 2758 1366 2841 religionem,

177 2882 248 2924 .ne
272 2881 337 2924 eam
361 2865 480 2943 quidem
508 2868 556 2945 pie
581 2865 726 2948 colerent,
755 2865 807 2926 sed
835 2868 952 2927 omissis
976 2866 1120 2927 doctrinis
1148 2865 1234 2926 laude
1262 2865 1366 2945 dignis

213 2975 397 3052 recepissent
417 2974 632 3051 vituperandae.
672 2973 738 3036 Νῦν
758 2972 806 3053 δὲ,
829 2976 927 3052 inquit
945 2993 973 3053 p.
989 2971 1096 3054 turn,
1115 2970 1189 3050 ὑμῖν
1208 2971 1367 3050 (υμβέβη-
1422 2994 1426 3001 ·

211 3095 265 3139 κεν
280 3075 385 3154 ὥοπερ
400 3081 469 3140 ταῖς
486 3078 631 3156 βδέλλαιι
645 3079 683 3141 τὸ
699 3067 855 3156 χείμιιτον
870 3079 974 3142 ἕλκειν
989 3076 1066 3155 αἷμα
1080 3079 1211 3155 ἐκεῖθεν,
1226 3074 1366 3156 ἀφεῖναι

209 3183 244 3245 δὲ
274 3183 312 3246 τὸ
339 3184 573 3261 καθαρώτερον.
620 3187 658 3247 Fa
691 3190 821 3266 respexit
848 3189 973 3247 sortasse
1006 3187 1086 3248 huuc
1114 3186 1219 3248 luliani
1250 3185 1367 3267 locum,

209 3310 337 3370 quocum
355 3292 543 3353 hirudinibus
554 3304 762 3373 comparantur
773 3293 940 3373 Christiani,
953 3293 1159 3354 Theodoretus
1172 3313 1200 3373 p.
1211 3289 1264 3374 55,
1279 3291 1322 3355 15
1331 3293 1366 3374 G,

208 3399 259 3458 ubi
283 3402 393 3478 optima
426 3418 561 3478 quaeque
589 3419 658 3462 cum
686 3402 808 3461 dixisset
836 3418 886 3460 eos
919 3400 1029 3478 ubique
1058 3400 1181 3460 collecta
1209 3402 1240 3459 iu
1270 3418 1363 3461 usum

209 3523 296 3565 suum
319 3506 470 3587 conterre,
494 3504 544 3567 καὶ
568 3504 625 3581 μὲν
649 3504 701 3582 δὴ,
725 3508 834 3586 inquit,
867 3503 917 3565 καί
940 3506 1008 3566 ruit
1032 3502 1200 3590 μελίτταις·
1217 3499 1319 3567 οὗτος
1343 3502 1364 3566 ὁ

208 3607 306 3686 νόμοι
330 3609 521 3687 ἐμπέφυκεν.
559 3609 598 3674 οὐ
618 3611 742 3686 γλυκέιι
762 3610 823 3688 γὰρ
842 3609 960 3688 μόνοιτ,
984 3608 1136 3673 ἀλλὰκαὶ
1158 3612 1285 3686 πικροῑ(
1305 3608 1362 3674 ἄν·

208 3723 293 3781 θειιν
321 3714 526 3794 ἐφιζάνουιαι
553 3719 612 3795 τὴν
640 3718 697 3794 μὲν
725 3715 875 3793 γλυκεῖαν
903 3716 1075 3796 ἀνιμῶνται
1103 3714 1273 3794 ποιότητα,
1301 3718 1365 3796 τὴν

207 3825 242 3887 δὲ
267 3821 381 3900 πικρὰν
405 3820 669 3902 ἀποιτρέφονται.
706 3826 788 3886 ldem
807 3845 875 3887 cum
898 3829 1033 3886 invectus
1057 3834 1137 3887 esset
1157 3828 1188 3885 in
1212 3826 1363 3886 sacrificia

208 3933 405 3993 Graecorum:
429 3932 468 4009 μὴ
493 3930 614 4010 τοίνυν,
639 3937 736 4013 inquit
754 3954 782 4013 p.
801 3920 880 4014 292,
897 3931 937 3994 12
952 3933 999 4014 G,
1027 3935 1082 4009 τῆ(
1105 3933 1170 3993 τῶν
1193 3928 1364 4008 ὑμετέρων

209 4036 357 4116 θυμάτων
381 4037 570 4115 κατηγορίαι
590 4036 770 4114 ἀπολογίαν
793 4040 851 4117 τὴν
870 4037 1135 4115 ἀντικατηγορίαν
1158 4034 1245 4115 ἔχειν
1270 4037 1363 4115 νομί-

207 4148 288 4221 ῐητε.
326 4146 510 4216 Quibuscum
535 4148 670 4207 conferas
695 4147 783 4207 velim
799 4146 904 4207 loliani
928 4147 1135 4225 fragmentum,
1159 4144 1237 4224 quod
1259 4163 1362 4207 serva-

129 4266 132 4271 ·
208 4261 271 4311 turn
299 4261 345 4313 est
372 4272 388 4312 a
413 4253 520 4332 Cyrillo
544 4273 572 4332 p.
591 4251 682 4315 4113:
715 4251 854 4315 Μέλλων
881 4251 917 4314 δὲ
945 4250 1025 4328 ὑπὲρ
1049 4253 1115 4313 τῶν
1143 4245 1218 4326 παρ’
1246 4248 1365 4315 αὐτοῖς
1453 4286 1457 4291 -

210 4358 394 4433 λεγομένων
414 4356 584 4435 δογμάτων
604 4356 757 4419 ἁπάντων
776 4361 932 4421 ποιεῖιθαι
955 4357 1012 4419 τὸν
1032 4355 1132 4431 λόγον
1151 4355 1257 4418 ἐκεῖνο
1284 4358 1363 4435 βού-

210 4464 304 4540 λομαι
327 4467 457 4542 πρῶτον
481 4464 596 4542 εἰπεῖν,
620 4463 668 4528 ὅτι
692 4465 751 4542 χρὴ
775 4465 851 4528 τοὺς
873 4462 1139 4546 ἑντυγχάνοντατ,
1160 4459 1251 4540 εἴπερ
1272 4462 1363 4528 ἀντι-
