2926 5040
504 328 545 382 De
565 326 665 382 Iuliani
683 327 819 383 librorum
838 329 913 384 labis.
1235 331 1277 394 87

220 491 400 570 Φιλόδακρύ
425 512 494 556 πω(
518 490 627 558 ἀεὶτὸ
650 497 730 572 θῆλυ
749 495 844 570 γένο(
868 494 919 558 καὶ
940 494 999 558 τὸν
1017 499 1097 559 νοῦν
1121 494 1165 560 ele
1184 494 1279 560 ἔλεον

130 596 363 677 εὐδιάθρυπτον
387 598 461 677 ἔχει.

676 723 727 788 51.

219 849 261 910 Ex
283 850 384 911 loann.
405 850 535 911 Damaso.
559 871 587 932 p.
603 848 677 912 654.
712 849 875 928 Κνρίλλου.
909 853 1027 931 Rupeln
1050 849 1174 915 ἐκτῶν
1198 851 1279 915 κατά

128 951 344 1038 ’ίουλιανοθ.1)
1003 946 1006 948 ’

219 1062 325 1126 Ποῑον
343 1061 429 1125 οὕτω
452 1062 563 1141 θηρίον
584 1061 673 1142 ὠμὸν
696 1063 747 1127 καὶ
770 1062 931 1143 ἀνήμερον
950 1063 994 1127 ὼε
1018 1063 1172 1141 δύτοργοε
1196 1063 1276 1145 ἀνὴρ

127 1166 180 1231 καὶ
202 1164 330 1251 ἀκράτῳ
353 1174 442 1252 θυμῷ
456 1169 738 1248 ·τυραννούμενοε;
768 1171 846 1234 ποία
869 1172 904 1234 δὲ
928 1170 1014 1234 οὕτω
1038 1169 1177 1235 θάλαττα
1200 1172 1276 1251 ῥαγ-

126 1273 227 1339 δαίων
251 1275 330 1360 αὐτῇ
354 1279 600 1363 καταχεαμένων
624 1275 816 1356 πνευμάτων
843 1281 913 1342 ταῑε
936 1264 1002 1341 τῶν
1026 1282 1153 1356 πετρῶν
1177 1280 1300 1355 ἐγκει-·

125 1382 235 1459 μέναιε
258 1382 461 1463 ἑρρήγνυται;
484 1387 503 1463 ἢ
523 1389 621 1449 ποῖον
640 1383 726 1447 οὕτω
734 1380 761 1467 ²)
780 1385 894 1462 πικρὸν
913 1384 965 1448 καὶ
983 1383 1115 1464 ἰοβόλον
1139 1385 1276 1464 ἑρπετὸν

124 1491 195 1552 τοί(
218 1490 318 1553 πέλα(
341 1489 421 1553 loiret
444 1491 579 1569 δριμέωε
602 1490 743 1574 ἑπιπηδᾷ
766 1490 810 1554 ὼε
834 1489 915 1570 ἀνὴρ
939 1489 1112 1555 ἀκάθεκτος
1136 1493 1186 1556 καὶ
1209 1497 1275 1571 δρι-

124 1597 184 1674 μύε
207 1596 258 1659 καὶ
280 1595 432 1675 ἀχάλινοτ
461 1596 506 1662 εἰ(
534 1596 633 1675 ὀργὰε
655 1598 707 1661 καὶ
730 1596 809 1661 ὅλα(
836 1596 943 1676 ὥοπερ
971 1603 1017 1681 τῷ
1045 1598 1140 1663 πάθει
1168 1602 1276 1664 διδοὺε

121 1703 181 1766 τὰ(
204 1702 308 1781 ἡνίας

671 1826 722 1891 52.

213 1955 257 2015 Er
275 1955 375 2016 loann.
395 1946 524 2016 Damaso.
544 1975 572 2035 p.
588 1950 661 2016 654.
694 1954 728 2014 ln
752 1958 883 2035 margine
903 1956 1048 2017 excidisse
1068 1957 1139 2017 rnibi
1159 1957 1275 2018 videtur

120 2064 183 2125 τοῦ
207 2059 316 2126 αὐτοῦ.

212 2166 249 2231 Τί
272 2165 312 2231 ἂν
335 2167 462 2244 γένοιτο
486 2170 597 2245 χεῖρον
620 2164 731 2245 ὀργῆς
761 2167 901 2244 ἐκθηριοῖ
926 2166 987 2244 γάρ
1010 2167 1068 2230 τὸν
1092 2165 1275 2252 ἄνθρωπον,

120 2273 287 2353 ἀεχήμονα
310 2274 361 2338 καὶ
383 2271 572 2352 ἀμείλικτον,
596 2271 800 2351 ἀευναλλαγῆ
824 2273 875 2336 καὶ
898 2271 1028 2337 ἀνόειον
1046 2271 1273 2352 ἀποφαίνοντα

120 2380 236 2444 καὶτὰ
262 2381 391 2458 μέγιττα
418 2383 484 2444 τῶν
513 2378 644 2454 ἀγαθῶν
668 2378 764 2443 οὐδὲν
791 2379 933 2457 ἡγεῖεθαι
956 2376 1273 2464 reponeremus-⁰2)

119 2486 227 2550 ποίων
245 2486 306 2565 γάρ
325 2484 563 2564 ἐγχειρημάτων
577 2482 670 2568 οὐχί)
689 2484 806 2563 ἅψεται
825 2489 978 2563 πονηρῶν
997 2488 1016 2565 ἢ
1036 2485 1139 2550 ποίων
1158 2484 1272 2565 ἀφέξε-

118 2613 173 2656 ται
198 2592 319 2676 λόγων,
352 2592 587 2657 ἀκατεύναετον
615 2591 701 2670 ἔχων
730 2591 774 2655 εἰ(
802 2597 882 2656 νοῦν
910 2592 971 2657 ἔεω
998 2593 1057 2671 τὴν
1085 2593 1195 2673 φλόγα
1223 2595 1274 2659 καὶ

119 2699 269 2765 ἀναζέων
292 2699 351 2764 τὸν
374 2698 488 2778 θυμόν;

213 2905 309 2994 Etiurn
324 2933 424 3013 Cyrilli
438 2933 634 3015 adversarius,
652 2927 872 2994 Alexander
887 2935 1044 3012 episcopus
1059 2929 1272 3014 Hierapoli·

114 3040 362 3104 τεκνοποιόν
389 3041 482 3102 libros
509 3041 657 3101 refutavit.
694 3040 773 3100 Haec
802 3041 882 3100 enirn
910 3049 981 3101 sunt
1003 3040 1152 3120 Ebedjesu
1183 3041 1271 3102 verbs

116 3148 301 3229 (Asscmeni,
333 3147 401 3208 bibl.
434 3149 539 3208 orient.
568 3146 622 3228 lll,
648 3145 679 3226 1,
708 3167 736 3226 p.
759 3144 834 3208 197:
879 3146 1080 3227 „Alexander,
1113 3150 1272 3228 episcopus

117 3254 293 3334 Hierapolis.
318 3253 483 3315 Alexander
497 3256 664 3333 composuit
678 3254 787 3314 librum
802 3253 960 3314 solutionis
975 3271 1120 3332 nugarum
1135 3251 1269 3315 loliani.“

115 3362 216 3432 Quam
242 3360 278 3421 ab
305 3360 470 3422 Alexandro
499 3378 558 3420 non
586 3363 727 3450 scripturn
756 3380 822 3422 esse
855 3362 983 3421 coniecit
1015 3361 1194 3421 Assemenus
1219 3361 1265 3421 l.l

114 3467 216 3528 adnot.
235 3464 264 3528 2.
301 3462 447 3547 „Quid?“
469 3469 565 3546 inquit
587 3470 636 3549 „si
658 3466 751 3528 libros
774 3468 877 3528 decem
901 3468 996 3526 sancti
1020 3466 1119 3545 Cyrilli
1142 3467 1264 3528 Alexan·

112 3574 197 3634 drini
224 3572 365 3634 adversus
387 3572 533 3633 lulianum
557 3592 572 3633 e
596 3574 708 3635 Graeco
736 3576 767 3634 in
796 3574 949 3653 Syriacum
976 3591 1136 3633 conversos
1160 3573 1264 3635 Nesto·

112 3681 194 3740 riani
213 3679 344 3741 eiusdem
365 3679 394 3741 S.
413 3679 549 3740 Doctoris
567 3679 668 3741 hostes
687 3683 878 3742 infensissimi
894 3680 1060 3741 Alexandro
1079 3700 1133 3741 suo
1153 3700 1260 3761 suppo·

111 3781 287 3848 suerunt?“
332 3786 413 3858 Quae
446 3788 598 3847 Assemani
634 3790 780 3848 sententia
807 3786 958 3867 probanda
991 3805 1050 3847 non
1083 3795 1136 3847 est.
1181 3787 1261 3848 Fieri

112 3894 198 3954 enim
216 3911 276 3953 non
294 3895 400 3974 potuit,
423 3902 457 3954 ut
472 3892 572 3973 Cyrilli
595 3893 672 3974 libri,
696 3896 747 3973 qui
767 3894 868 3954 multis
886 3894 959 3956 locis
978 3902 1077 3955 rectae
1096 3894 1165 3953 fidei
1183 3912 1266 3972 sper-

112 4000 231 4061 tissime
246 3999 451 4061 demonstrant
465 4000 662 4083 defensorem,
681 4003 708 4061 ei
727 4012 978 4084 supponerentur,
997 4003 1048 4080 qui
1068 4010 1129 4061 toto
1144 4009 1266 4080 pectore

189 4189 215 4256 1)
236 4190 382 4243 Ἰουλιανοῦ
402 4189 507 4259 scripsi.
527 4190 674 4244 Ἰουλιανόν
692 4190 794 4259 Rupes.

187 4279 215 4345 2)
235 4278 311 4331 οὕτω
330 4278 436 4347 scripu.
455 4278 546 4330 οθτωε
564 4277 697 4347 bequien.

187 4368 214 4432 3)
234 4367 477 4432 παραεκευάζουεα
495 4365 600 4435 scripsi.
620 4369 873 4434 παρατκευάζονται
891 4366 1024 4436 Lequien.

185 4456 213 4524 4)
232 4455 285 4521 οὐχ
303 4453 410 4523 scripsi.
430 4455 480 4508 οὐκ
496 4455 631 4523 Lequieu.
