2926 5040
452 321 493 387 De
512 331 612 388 Iuliani
631 332 708 388 libris
727 333 914 392 restituendis.
1197 333 1258 399 1οί

113 501 340 578 οτμιιιιιοιιωοῦί
363 501 608 580 rationesquam
632 500 723 560 solam
751 503 847 580 potuit
870 501 1019 562 adhibere.
1061 503 1156 580 Atque
1185 503 1260 581 irag-

114 610 222 668 mentis
248 604 322 668 ἵόΑ
338 627 380 686 sq.
404 605 447 668 86
457 607 489 666 Α.
514 605 589 668 89λ
604 626 647 686 sq.
671 604 713 668 93
729 627 792 687 sqq.
821 610 918 686 agitur
940 608 978 668 de
1007 607 1097 668 rebus
1125 610 1154 667 iu
1178 626 1260 686 para-

114 715 181 775 diso
204 715 304 793 gestis,
328 731 400 792 qiras
424 731 527 772 omnes
551 712 699 774 fabulosas
723 732 789 774 esse
817 713 975 774 ostendere
999 714 1098 774 studet
1121 713 1260 774 lulianus

115 819 201 891 Quod
221 820 311 897 igitur
329 821 417 878 etiam
435 836 490 897 per
509 836 541 878 se
562 820 736 880 verisimile
757 820 882 899 videtur,
902 820 1008 880 horum
1028 803 1260 899 fragmentorum

114 926 193 987 aiiud
217 925 273 985 alio
296 927 406 1005 excipi,
433 926 506 1004 ipsis
529 925 629 1004 Gyrilli
657 925 756 986 verbis
784 926 934 1006 probatur.
977 927 1153 1011 Fragmeuto
1182 929 1260 987 enim

115 1029 192 1094 89λ
207 1049 250 1110 sq.
279 1031 351 1091 haee
378 1032 532 1116 praemisit
560 1031 647 1092 verba
675 1051 705 1110 p.
716 1030 810 1094 88E:
838 1029 1032 1108 διαπεράναε
1060 1031 1096 1093 δὲ
1120 1028 1200 1093 κατὰ
1222 1030 1260 1092 τὸ

114 1135 202 1219 αὐτῷ
222 1138 340 1199 δοκοῦν
358 1135 416 1198 τὸν
435 1135 488 1198 ἐπὶ
506 1139 588 1218 τῷδε
609 1133 663 1221 (su.
684 1139 720 1199 (le
740 1149 878 1220 serpente
898 1158 973 1219 quae
992 1142 1021 1199 in
1042 1138 1176 1219 paradiso
1196 1140 1261 1219 init,

113 1245 150 1306 de
170 1263 226 1324 qua
246 1253 348 1323 egerat
366 1244 405 1323 ig.
421 1241 463 1306 86
473 1238 511 1325 Α)
536 1241 644 1321 λόγον,
668 1244 946 1308 κατανεονιεύεται
965 1242 1061 1307 πάλιν
1080 1246 1146 1307 τῶν
1164 1242 1261 1320 tepor

113 1347 307 1427 γραμμάτων
326 1348 376 1411 καί
391 1369 482 1432 (putu
502 1352 666 1431 fragmento
681 1362 779 1413 autem
799 1349 876 1413 931]
891 1371 934 1431 sq.
954 1352 1040 1414 haee:
1059 1351 1268 1428 εομπέραεμν.

112 1455 175 1533 γὰρ
194 1452 332 1540 ὥτπερῑ)
351 1458 417 1518 τῶν
440 1454 557 1519 ἑαυτοῦ
576 1459 714 1520 ποιεῖται
734 1455 841 1532 λόγων
861 1455 1074 1536 ὸφιλότοφοε
1092 1455 1262 1521 Ἰονλιονὸε

113 1561 200 1626 οὕτω
224 1557 366 1645 λέγωνί)
404 1564 485 1634 Quae
509 1574 608 1624 auteur
637 1565 692 1624 hoo
720 1565 784 1625 loeo
808 1565 940 1644 disputat
967 1566 1003 1626 (le
1027 1566 1082 1626 deo
1106 1567 1195 1626 nimis
1218 1568 1260 1626 in·

114 1669 181 1730 vido
200 1679 230 1730 et
253 1669 404 1750 malevolo,
423 1671 604 1749 respondent
622 1673 659 1732 iis
678 1691 752 1751 quae
772 1673 810 1751 ig.
825 1670 902 1732 tet
917 1691 960 1752 sq.
980 1672 1017 1732 de
1036 1673 1174 1752 pessimis
1192 1672 1259 1732 deo-

20 1830 24 1836 .
114 1795 181 1836 rum
201 1776 333 1837 moribus
352 1785 538 1857 exposuerat,
558 1777 660 1855 qtraies
683 1780 713 1863 in
733 1778 840 1839 sabulis
859 1779 1040 1838 Graecorum
1060 1787 1262 1839 narrarentur.

114 1883 216 1962 ltaque
239 1902 293 1961 pro
317 1893 400 1944 certo
419 1883 635 1943 adfirmaverim
658 1883 737 1944 hune
757 1903 822 1944 esse
841 1886 1003 1963 germinum
1028 1885 1262 1962 fragmentorum

114 1989 248 2050 ordinem
268 1999 298 2050 et
316 1992 530 2050 sententiarum
550 2009 667 2051 nerum.
707 1991 948 2070 Redargueretor
962 1999 1061 2052 autem
1081 1992 1261 2072 coniectura,

113 2098 139 2157 si
168 2096 240 2156 fides
273 2095 405 2158 habenda
434 2105 518 2157 esset·
537 2095 664 2184 Socrati,
692 2099 747 2174 qui.
771 2098 801 2157 in
825 2096 852 2156 h.
873 2115 897 2157 e.
918 2094 1034 2158 11123:
1063 2093 1172 2173 λαβὼν
1199 2092 1260 2172 γάρ

113 2197 225 2280 τιναβ)
245 2205 350 2283 inquit,
369 2199 492 2280 ῥήματα
511 2200 566 2280 (sc.
585 2197 779 2285 iustiores),
803 2201 862 2265 δτα
882 2200 988 2280 χρεία(
1007 2201 1117 2265 ἕνεκεν
1135 2199 1259 2264 οἰκονο-

112 2309 210 2385 μικῶε
232 2307 285 2371 ἐπὶ
307 2311 365 2371 τοῦ
386 2311 461 2372 θεοῦ
485 2303 569 2393 sau)
599 2306 886 2386 ἀνθρωπικώτερον
909 2310 1055 2372 τέτακται
1078 2307 1130 2371 καὶ
1154 2305 1262 2371 πολλὰ

112 2417 245 2479 τοιαῦτα
274 2413 471 2492 ἐπιτυνείραε
500 2416 593 2479 τέλοτ
622 2414 768 2494 ἐπιφέρει
791 2415 871 2478 κατὰ
899 2417 983 2480 λέξιν
1006 2415 1096 2479 τάδε·
1128 2413 1261 2481 Τούτων

111 2520 222 2585 τοίνυν
246 2516 413 2606 ἕκαττονί)
437 2520 464 2584 εἰ
488 2523 527 2600 μὴ
548 2520 645 2597 λόγοε
669 2521 752 2586 ἐττὶν
771 2520 955 2600 ἀπόρρητον
978 2521 1063 2599 ἔχων
1086 2519 1157 2585 τινὰ
1181 2526 1260 2584 θεω-

111 2627 200 2706 ρίον,
227 2626 308 2704 ὅπερ
331 2627 396 2703 ἐγὼ
421 2625 583 2705 νενόμικα,
607 2630 729 2707 πολλῆ(
752 2629 901 2706 γέμουτιν
924 2627 955 2692 οἱ
983 2626 1074 2703 λόγοι
1100 2627 1173 2705 περὶ
1202 2631 1260 2691 τοῦ

111 2711 222 2818 θεοῦθ)
248 2733 453 2813 βλατφημίοτ.
493 2737 594 2797 ταῦτα
617 2733 675 2811 μὲν
701 2734 805 2816 ἐντῷ
828 2733 941 2816 τρίτῳ
966 2732 1065 2798 αὐτοῦ
1084 2732 1168 2818 κατὰ
1189 2733 1260 2810 Χρι-

111 2844 249 2917 ετιανων
274 2839 382 2922 βιβλίῳ
403 2840 515 2905 nurui<
534 2842 653 2906 λέξεειν
673 2839 786 2919 εἴρηκε.
824 2844 1018 2904 Inveniuntur
1037 2852 1136 2903 autem
1155 2842 1261 2902 luiiaui

110 2947 204 3009 verba
227 2968 242 3009 a
267 2949 388 3011 Socrate
411 2949 496 3011 allata
519 2950 596 3029 apud
617 2949 758 3029 Cyriilum
778 2969 805 3029 p.
820 2947 897 3010 93E
914 2969 956 3029 sq.⁴
994 2949 1072 3029 Ergo
1096 2948 1260 3010 seeundum

110 3055 266 3142 Socratem
294 3055 468 3135 deprompta
491 3065 562 3118 suut
585 3075 618 3117 ea
646 3054 815 3135 dequibus
840 3055 927 3115 modo
956 3058 1069 3135 egimus
1098 3047 1260 3133 Fragmenta

110 3180 151 3222 ex
175 3163 262 3222 tertio
281 3161 385 3222 iuliani
409 3161 493 3222 libro.
537 3143 623 3234 Quod
647 3181 683 3223 ne
708 3164 886 3242 accipiemus
914 3162 1092 3241 impedimur
1115 3163 1260 3240 imprimis

109 3269 270 3346 fragmenti
289 3265 362 3328 rot
382 3268 480 3329 verbis
500 3266 626 3330 rosires(
645 3266 831 3346 παράβαλλε
849 3269 909 3345 τὴν
924 3262 1096 3343 Ἰουδαϊκὴν
1115 3269 1259 3330 διδαεκα-
1338 3352 1341 3359 Ι

112 3409 152 3417 ,-

184 3478 209 3540 1)
228 3478 318 3545 ὥοπερ
337 3476 432 3531 omisit
449 3477 531 3545 Aub.‚
551 3476 664 3532 exhibet
681 3477 765 3531 Maro.
788 3483 846 3530 123.
868 3475 1097 3544 ‘quodammodo'
1119 3474 1213 3531 Oeeol.

186 3566 212 3631 2)
232 3565 292 3631 Quo
311 3566 340 3620 iu
358 3565 516 3635 fragmento
537 3567 622 3620 verbe
641 3564 685 3619 rui
700 3567 760 3632 οῦχί
775 3571 861 3619 τοῦτο
881 3566 975 3631 μόνον,
995 3566 1063 3618 ἀλλὰ
1078 3567 1122 3619 καὶ
1137 3566 1260 3632 ἐπιφέρει

108 3653 196 3707 πάλιν
215 3653 257 3708 oi<
275 3656 331 3722 ἔφη
358 3654 456 3725 cyrilli
480 3671 554 3722 esse,
577 3671 632 3708 non
652 3654 752 3708 Iuliani
776 3653 914 3708 neminem
938 3653 1029 3707 adhue
1052 3652 1154 3708 vidisse
1178 3653 1259 3708 velde

107 3757 223 3796 mirum.

186 3832 215 3898 3)
232 3830 349 3886 Secutus
363 3849 424 3885 sum
439 3831 605 3901 scripturam
616 3830 719 3886 eodieis
729 3829 883 3886 Florentini
898 3831 1014 3886 alterius
1025 3847 1097 3886 saec.
1108 3831 1150 3898 X„
1164 3831 1261 3886 littere

108 3919 143 3974 Μ
161 3919 198 3974 ab
216 3917 341 3989 flussoyt
359 3919 471 3990 signari.

185 4011 213 4076 4)
232 4011 276 4062 καὶ
293 4008 397 4076 sdieoi3
421 4009 536 4065 fortusse
555 4027 611 4065 non
630 4013 674 4064 καὶ
693 4012 758 4079 post
776 4015 855 4078 θεοῦ,
880 4009 929 4064 sed
948 4027 978 4064 re
997 4011 1063 4079 post
1080 4010 1258 4078 ἀνθρωπικω

108 4112 196 4164 τερον
214 4095 399 4154 inserendum.

185 4187 212 4253 t)
231 4184 347 4241 Comma
364 4189 430 4257 post
449 4181 571 4241 ἕκαςτον
582 4187 681 4243 delevi.

185 4276 212 4342 6)
231 4275 275 4328 Ita
292 4275 329 4328 M.
348 4276 490 4345 Husseyus
513 4275 584 4331 alios
603 4276 713 4332 codices
732 4279 856 4342 secutus,
880 4276 980 4345 quibus
999 4274 1171 4343 adiungendi
1194 4278 1259 4330 sunt

108 4363 249 4419 Marcioni
268 4369 319 4418 θθθ
342 4380 413 4419 seeo.
433 4364 505 4419 XlV.
525 4366 554 4418 et
573 4371 623 4419 337
644 4381 714 4419 seeo.
733 4364 793 4420 XV.
812 4381 830 4418 o
847 4381 892 4418 me
910 4363 1043 4450 inspecti,
1066 4361 1180 4434 scripsit
1196 4367 1259 4433 περὶ

106 4455 207 4510 αὐτοῦ.
