2926 5040
102 383 107 394 .
193 329 244 393 88⁴
699 328 789 398 Caput
806 329 827 384 l.

193 497 311 558 deditus
330 506 394 557 erat
412 496 530 557 haeresi
548 495 749 557 Nestorianae.
784 495 849 567 Qua
867 498 898 556 in
917 514 950 556 re
970 496 1058 556 etiam
1077 497 1103 555 si
1121 514 1181 556 non
1200 494 1347 576 ollendas,

194 624 254 667 non
277 604 400 666 eandem
425 622 490 663 esse
514 602 671 663 Alexandri
695 621 729 663 ac
753 601 853 682 Cyrilli
881 604 1091 663 refutationem
1118 601 1188 662 inde
1211 611 1349 682 apparet,

194 711 273 792 quod
298 713 386 772 unius
414 710 482 770 libri
506 709 542 769 ab
566 708 730 769 Alexandro
755 712 859 789 scripti
882 712 1064 770 mentionem
1092 710 1162 770 lecit
1185 707 1349 788 Ebedjesu,

195 818 295 897 Cyrilli
315 825 417 878 contra
440 816 585 877 librorum
609 833 752 876 numerus
772 823 835 875 crat
859 817 1012 875 maximus.
1049 815 1128 893 Ergo
1148 815 1347 877 dubitandum

195 944 254 985 uon
279 932 334 1006 est,
358 926 430 1002 quin
450 926 538 984 ctiam
558 922 723 983 Alexander
741 921 887 982 lulianum
905 922 1037 984 refutare
1058 922 1215 983 studuerit.
1252 922 1349 983 Recte

195 1040 295 1092 autem
314 1020 492 1092 assemanus
516 1026 759 1110 platanus.
783 1029 855 1089 mibi
877 1028 996 1090 videtur
1018 1029 1189 1109 adnotasse,
1217 1049 1252 1090 eo
1281 1030 1349 1091 loco

195 1138 353 1199 Alexandri
377 1141 557 1198 mentionem
584 1137 691 1197 iecisse
715 1135 878 1218 Ebedjesu,
905 1136 957 1197 ubi
981 1135 1239 1226 descriptoribus
1263 1137 1352 1217 Syris

196 1253 309 1326 ageret3
344 1263 414 1323 ergo
448 1246 478 1304 iu
512 1243 647 1304 manibus
675 1242 824 1323 Ebedjesu
857 1244 913 1303 luit
942 1242 1061 1322 Syriaca
1092 1243 1161 1304 libri
1188 1243 1353 1305 Alexandri

197 1355 303 1413 versio.
344 1352 447 1430 Neque
476 1369 546 1410 vero
574 1352 731 1429 quicquam
761 1349 904 1410 babemus
933 1357 1119 1429 compertum
1147 1349 1184 1411 de
1212 1357 1353 1432 tempore

196 1459 266 1520 libri
289 1457 324 1518 ab
348 1456 514 1517 Alexandro
543 1458 712 1536 compositi;
742 1475 779 1515 ne
807 1454 836 1514 id
861 1456 981 1534 quidem
1010 1461 1216 1540 cognovimus,
1245 1467 1354 1520 utrum

197 1575 265 1626 ante
289 1563 389 1644 Cyrilli
412 1562 504 1624 libros
528 1565 658 1642 scriptus
682 1564 720 1623 sit
744 1581 780 1622 an
803 1572 914 1643 postea.

199 1790 249 1841 tur
271 1778 411 1839 babuisse
432 1771 692 1838 theodoretus
716 1780 874 1857 episcopus
894 1774 1086 1860 cyrensis
1111 1798 1199 1858 quam
1222 1779 1360 1860 Gyrillus

198 1885 424 1946 Alexandrinus.
463 1880 528 1944 ‘ilic
547 1862 638 1944 enim'
657 1878 785 1966 inquit¹)
810 1880 857 1944 ‘ad
878 1885 1007 1964 singulas
1026 1885 1150 1946 lnlianei
1173 1886 1241 1947 libri
1261 1906 1356 1964 περι-

200 1989 302 2054 κοπὰε
326 1993 551 2070 responsionem
575 1990 759 2070 subiungens
784 1991 935 2052 bominem
962 1994 1075 2071 pressis
1106 1995 1238 2072 vestigiis
1263 1996 1359 2056 etiam

199 2106 371 2177 evagantem
400 2099 548 2178 sequitur3
576 2097 624 2157 ille
653 2097 784 2159 collectis
817 2100 847 2158 in
877 2101 1055 2159 concinnum
1083 2099 1219 2160 ordinem
1246 2099 1360 2162 luliani

200 2203 426 2284 obiectionibrm,
450 2203 580 2282 singulas
603 2207 643 2264 ita
663 2203 788 2286 repellit,
812 2213 845 2266 ut
865 2223 975 2284 corpus
993 2205 1061 2266 inde
1082 2193 1238 2267 duodecim
1263 2210 1361 2285 parti-

199 2313 256 2374 bus
271 2312 463 2373 cillorescens
479 2306 634 2371 conficiat?
664 2310 722 2371 Sed
737 2314 850 2372 utinam
865 2312 904 2392 id,
918 2312 998 2391 qnod
1008 2312 1143 2373 Fabricio
1150 2306 1177 2394 ²)
1188 2311 1360 2376 Schroeclx-

199 2413 283 2500 bio³)
302 2419 366 2479 aliis
389 2420 550 2499 persuasit,
573 2418 677 2478 luliani
701 2417 793 2478 libros
816 2421 1035 2498 impugnavisse
1059 2418 1298 2501 Theodoretum,
1324 2439 1361 2482 re

201 2544 270 2586 vera
293 2527 332 2584 ita
357 2544 388 2584 se
410 2523 519 2584 habere
539 2524 702 2585 Garnerius
726 2523 924 2585 ostendisset!
962 2524 1072 2585 Verum
1091 2528 1243 2594 enimvero
1268 2546 1361 2608 argu·

201 2641 301 2692 mento
331 2650 368 2691 ne
397 2649 456 2692 uno
485 2630 606 2710 quidem
634 2631 763 2713 adiecto,
791 2651 849 2710 quo
882 2634 1059 2693 sententiam
1092 2651 1176 2694 snam
1203 2632 1362 2717 probaret,

201 2737 289 2798 sidem
313 2737 370 2797 sibi
393 2737 496 2798 baberi
521 2737 620 2798 voluit.
658 2734 758 2809 Quid?
781 2739 860 2817 quod
889 2740 920 2799 in
944 2738 1102 2799 duodecim
1125 2738 1209 2801 libris
1234 2744 1288 2820 qui
1313 2744 1360 2803 in-

202 2844 375 2906 scribuntur
402 2842 593 2921 Ἑλληνικῶν
622 2846 831 2922 θεραπευτικὴ
865 2842 1061 2922 παθημάτων
1092 2845 1111 2923 ἢ
1146 2843 1360 2926 εὐαγγελικῆ(

202 2948 353 3027 ἀληθείαε
381 2950 414 3014 ἐξ
441 2941 623 3028 Ἑλληνικὴ(
654 2950 848 3030 φιλοεοφίαε
877 2949 1059 3028 ἐπίγνωειε,
1090 2952 1208 3015 duobus
1239 2965 1361 3018 tautum

201 3059 276 3118 locis
290 3057 395 3118 loliani
413 3060 595 3118 mentionem
613 3059 684 3119 lecit
698 3055 926 3119 Theodorctus?
954 3060 1089 3130 Quorum
1108 3060 1182 3122 alter
1201 3064 1359 3125 invenitur

202 3167 234 3225 in
258 3163 333 3224 libro
353 3162 401 3224 lX.
423 3184 449 3243 p.
465 3162 539 3246 347,
554 3163 573 3225 9
589 3165 687 3245 Gaisi,
711 3165 763 3226 ubi
782 3167 818 3226 de
839 3166 1076 3227 Christianorum
1094 3169 1361 3246 persecutionibus

203 3269 291 3332 verba
322 3272 392 3332 lecit
419 3270 640 3333 Theodoretus:
672 3269 789 3333 Ὁποῐα
817 3270 867 3347 δὲ,
895 3274 1005 3354 inquit,
1033 3268 1092 3334 κάν
1119 3276 1157 3354 τῇ
1181 3268 1362 3340 Ἰουλιανοθ

205 3375 344 3456 βααλείᾳ
362 3375 559 3454 τετόλμηται,
579 3373 658 3439 icon
679 3377 736 3454 μὲν
756 3376 786 3440 οἱ
805 3376 1027 3455 γεγηρακότες,
1049 3376 1230 3456 ἀκηκόαμεν
1249 3380 1287 3443 δὲ
1308 3382 1362 3445 καὶ

203 3483 292 3560 ἡμεῖς
325 3483 544 3559 διηγουμένων
578 3485 643 3546 τῶν
676 3484 734 3561 τὴν
767 3482 950 3566 τραγῳδίαν
977 3483 1186 3570 {nicandrum
1218 3488 1295 3551 alter
1328 3493 1360 3552 in

204 3591 403 3670 disputatione
419 3590 453 3651 X.
472 3611 500 3671 p.
516 3589 589 3672 382,
608 3590 691 3672 13G,
712 3591 761 3652 nbi
780 3593 816 3653 de
834 3593 962 3653 oraculis
982 3596 1050 3672 egit.
1085 3593 1162 3656 Sunt
1176 3604 1275 3656 autem
1293 3600 1362 3659 cius

204 3697 292 3758 verba
317 3696 403 3759 haec:
427 3698 649 3776 παραπλήειον
672 3697 707 3761 δέ
731 3717 760 3760 τι
784 3697 917 3775 δέδρακε
942 3695 997 3780 (sc.
1021 3696 1040 3761 δ
1063 3696 1200 3783 Πύθιοτ)
1229 3700 1282 3764 καὶ
1307 3702 1364 3767 ἐπὶ

205 3801 379 3866 Ἰουλιανοθ
405 3804 464 3881 τὴν
492 3801 593 3882 ὁρμὴν
620 3801 753 3882 ἔχοντα(
782 3804 862 3867 κατὰ
888 3807 955 3867 τῶν
979 3802 1155 3884 Ἀεευρίων.
1196 3808 1363 3872 Librorum

277 4015 303 4082 1)
323 4009 449 4068 (lametii
472 4010 631 4067 dissertatio
655 4012 689 4065 II.
715 4013 749 4067 de
773 4012 852 4067 libris
875 4013 1045 4073 Theodoreti
1068 4020 1083 4079 ξ
1102 4013 1149 4083 IV,
1170 4022 1215 4070 17:
1248 4015 1363 4075 Theoti.

205 4119 268 4171 opp.
290 4102 332 4156 ed.
352 4102 471 4156 Schulze
489 4101 514 4154 V
532 4120 558 4170 p.
578 4107 639 4154 401.

276 4191 304 4258 2)
323 4188 444 4244 Fabricii
462 4190 587 4244 delectus
606 4190 784 4260 scriptorum,
808 4193 857 4260 qui
875 4191 955 4248 verit.
975 4193 1024 4247 rel.
1045 4193 1147 4249 Christ.
1167 4201 1362 4252 asseruerunt.

206 4285 284 4334 1⁷25.
303 4298 330 4349 p.
350 4285 397 4334 98:
431 4279 600 4334 Theodoroti
621 4311 651 4318 —
672 4279 738 4334 libn'
756 4280 820 4348 XII,
845 4299 914 4349 quos
934 4313 965 4322 -
986 4282 1095 4338 Iuliano
1118 4282 1284 4352 imperatori
1304 4284 1364 4341 aiu-

205 4367 328 4437 gillatim
348 4368 491 4439 oppositos
511 4367 662 4422 Garnerius
681 4369 835 4425 annotavit.

278 4460 304 4526 3)
325 4457 493 4528 Schroeckh,
512 4457 726 4530 Kirohengesoh.
746 4459 784 4512 Vl
804 4464 864 4514 336.
