2926 5040
218 362 260 426 70
725 358 817 428 Caput
835 356 854 413 I.

310 528 414 588 Exstat
433 529 521 588 etiam
544 528 575 586 in
593 526 649 586 Mai
673 542 747 586 nova
764 533 883 605 patrum
902 523 1080 586 bibliotheca
1099 520 1201 601 Cyrilli
1223 521 1377 601 fragmen·

218 649 295 719 tum,
323 636 401 715 quod
425 636 635 714 depromptum
660 651 725 693 esse
750 631 798 692 ille
822 632 962 693 indicavit
985 650 1021 691 en
1045 630 1120 691 libro
1144 623 1232 711 xlv.;
1257 628 1297 689 cl.
1316 627 1376 688 blai

217 766 245 826 p.
264 742 330 806 489
355 738 396 803 n⁰.
420 740 461 804 37
487 735 681 816 αὐτόκλητό(
708 737 792 801 ἐςτιν
820 735 883 800 κτὲ.
920 737 1028 799 Verum
1057 738 1208 797 enimvero
1237 737 1377 796 occurrit

220 855 250 913 in
274 850 350 912 libro
369 841 397 914 ς’
421 869 449 929 ρ.
469 845 562 909 216Β
587 846 632 908 ed.
655 845 728 907 dub.
766 845 869 925 Neque
892 844 1055 905 indicatum
1078 851 1125 904 est
1147 845 1179 904 in
1199 841 1322 904 Leontii
1345 851 1376 902 et

218 960 339 1020 loannis
358 957 460 1018 codice
478 954 617 1015 haustum
636 950 665 1013 id
685 971 751 1013 esse
770 971 806 1012 ex
824 951 900 1012 libro
917 950 1003 1033 lllV.;
1022 951 1219 1030 nequeenim
1238 950 1268 1010 ei
1285 966 1376 1030 prac-

220 1067 378 1126 mittuntur
402 1063 460 1122 nisi
484 1060 569 1120 baec:
595 1057 719 1124 ἐκτῶν
743 1056 850 1120 αὐτῶν
874 1061 892 1119 i.
912 1077 936 1118 e.
962 1055 1117 1134 Κυρίλλου
1141 1053 1261 1131 λόγων.

768 1216 816 1280 17.

311 1349 339 1408 S.
364 1346 466 1426 Cyrilli
488 1365 524 1406 ex
547 1345 617 1406 libri
639 1344 711 1411 llll'.
736 1344 877 1405 adversus
900 1344 1055 1405 lulianum.

310 1454 427 1516 lacebat
452 1455 531 1514 enim
559 1454 589 1513 in
613 1451 750 1533 sepulcro
778 1471 888 1532 corpus
916 1458 1051 1524 sanctum
1077 1460 1230 1513 mortuum
1255 1458 1288 1512 et
1311 1452 1379 1512 sine

220 1565 325 1625 anima.

768 1664 818 1728 18.

314 1793 355 1854 lle
384 1801 524 1872 quattuor
537 1792 646 1852 <Mariis
676 1791 869 1870 evangelistas
898 1790 984 1852 nobis
1012 1795 1168 1874 scripsisse
1196 1812 1298 1874 neque
1325 1793 1384 1855 sibi

221 1899 434 1962 contradixisse
458 1901 488 1959 in
514 1918 565 1980 ec,
593 1898 671 1977 quod
696 1898 770 1958 alter
794 1897 871 1958 dicat
895 1892 1034 1978 ‘vespere
1058 1908 1204 1961 venerunt
1233 1899 1382 1962 mulieres

135 2032 141 2042 ·
220 2009 256 2069 ad
285 2001 481 2088 sepulcrum',
511 2004 585 2066 alter
609 1999 726 2066 ‘mane’.
772 2005 801 2065 S.
831 2004 931 2084 Cyridi
960 2023 995 2065 ex
1023 2005 1099 2066 libro
1129 2005 1202 2068 XIV.
1231 2006 1382 2069 adversus

222 2115 368 2176 lulianum
391 2114 569 2194 apostatam.

311 2220 422 2281 Scribit
451 2220 645 2299 evangelistas
679 2228 798 2282 sauctus
826 2220 883 2281 sibi
912 2221 1131 2303 contradicere,
1163 2239 1233 2282 cum
1262 2221 1383 2287 dicant:

109 2381 111 2386 .
220 2329 311 2390 Maria
338 2326 508 2407 Magdalena
537 2336 566 2387 et
593 2325 684 2387 altera
707 2325 812 2408 Maria,
841 2326 1006 2388 secundum
1033 2327 1214 2389 Matthaeum
1238 2322 1383 2412 (28‚1),

221 2454 344 2516 vespere
377 2434 491 2494 sabbati
519 2452 586 2493 carm
618 2434 743 2493 lucescit
771 2435 866 2513 prima
899 2434 1013 2496 sabbati
1042 2443 1187 2496 venerunt
1215 2436 1248 2496 in
1278 2437 1382 2517 sepul·

222 2560 320 2622 cr11m3
344 2540 508 2601 secundum
531 2540 663 2600 Marcum
687 2535 752 2621 (16,
772 2533 808 2624 2)
832 2549 947 2622 autem,
969 2549 1126 2622 postquam
1149 2541 1247 2603 illuxit
1270 2544 1380 2623 solque

222 2656 307 2708 ortus
330 2655 383 2707 est.
421 2645 460 2705 Et
482 2645 559 2724 apud
579 2629 759 2707 Manlianum
778 2640 846 2728 (28,
860 2642 896 2729 2)
920 2648 1057 2727 angelum
1080 2649 1220 2711 viderunt
1243 2657 1275 2711 et
1300 2651 1381 2731 apud

222 2755 354 2816 Marcum
374 2747 441 2835 (16,
460 2746 495 2833 5)
519 2753 669 2833 invenem,
693 2761 722 2813 et
742 2753 819 2833 apud
838 2753 1018 2815 Matthaeum
1037 2749 1106 2838 (28,
1121 2750 1157 2838 8)
1181 2758 1326 2819 exierunt
1351 2765 1382 2819 et

224 2864 436 2924 nuntiaverunt
462 2859 615 2940 discipulis
647 2860 684 2920 de
716 2863 903 2922 surrectione
932 2861 1042 2923 Christi
1072 2872 1101 2924 et
1133 2862 1210 2944 apud
1241 2863 1381 2927 blancum

225 2965 292 3052 (16,
307 2965 342 3051 8)
365 2974 523 3028 tacuerunt
547 2968 658 3026 nemini
682 2969 840 3046 quicquam
864 2969 1005 3030 dicentes.
1049 2969 1175 3050 Propter
1198 2989 1277 3050 quae
1302 2975 1381 3035 vitu-

222 3078 406 3157 perationem
429 3075 520 3135 inlert
543 3075 701 3153 scripturis
720 3081 892 3135 sanctorum
915 3083 946 3136 et
968 3076 1040 3138 dicit
1059 3094 1110 3137 eos
1129 3083 1208 3138 stare
1232 3077 1381 3141 adversus

225 3190 319 3245 semet
341 3185 430 3262 ipsos.
1258 3191 1262 3196 '

312 3289 447 3351 Primum
477 3297 576 3349 autem
604 3289 758 3350 sciendum
788 3298 834 3350 est
861 3292 898 3351 iis
926 3294 978 3371 qui
1006 3292 1117 3352 curiosi
1144 3298 1216 3353 scant
1242 3296 1383 3357 veritatis

223 3398 260 3458 de
279 3404 419 3477 quattuor
439 3394 539 3456 Mariis
563 3395 696 3456 scribere
720 3396 805 3456 nobis
830 3397 1037 3478 evangelistas,
1061 3417 1119 3458 una
1143 3406 1238 3461 matre
1255 3397 1381 3462 Domini

224 3506 319 3565 nostri
346 3501 492 3563 etaltera
516 3501 685 3582 Magdalena
709 3512 739 3564 et
763 3505 849 3564 tertia
873 3503 921 3564 illa
945 3504 1091 3586 Cleopbae
1119 3513 1149 3567 et
1176 3513 1284 3584 quarta
1309 3527 1381 3569 cum

224 3610 271 3670 his
289 3608 336 3668 illa
352 3607 450 3668 lacobi
465 3615 496 3669 et
510 3609 592 3669 lcsis.
625 3609 790 3670 Matthaeus
806 3613 896 3689 igitur
911 3610 983 3672 dicit
996 3611 1118 3673 blariam
1135 3612 1216 3674 illam
1229 3611 1382 3693 llagdale·

224 3736 292 3777 nam
309 3722 339 3776 et
352 3715 474 3775 alteram
488 3715 607 3776 Mariam
624 3734 745 3795 vespere
760 3719 876 3789 venisse
892 3716 927 3777 ad
944 3718 1124 3801 sepulcrum,
1142 3719 1261 3780 Marcus
1277 3730 1381 3801 autem

224 3833 370 3884 memorat
393 3815 461 3903 (15,
478 3814 537 3903 47)
560 3820 760 3901 Magdalenam
785 3831 815 3885 et
838 3823 958 3885 Mariam
981 3824 1061 3886 illam
1084 3826 1158 3888 losis
1181 3818 1273 3909 (haec
1298 3832 1381 3891 enim

224 3937 271 3991 est
288 3928 335 3990 illa
353 3921 465 4008 lacobi)
485 3935 515 3987 et
533 3926 605 3988 dicit
623 3931 739 3989 venisse
759 3948 808 3991 eas
828 3939 858 3992 et
877 3931 1061 4013 adspexisse,
1080 3932 1131 3993 ubi
1149 3935 1267 4013 positus
1289 3946 1381 3999 esset

225 4035 262 4096 Et
275 4038 384 4096 iterum
400 4034 472 4096 dicit
487 4028 553 4118 (16,
567 4033 593 4095 1.
603 4029 653 4118 2);
673 4036 746 4097 Cum
761 4040 917 4099 transisset
931 4039 1094 4121 sabbatum,
1108 4040 1199 4101 illaria
1212 4039 1263 4101 illa
1277 4040 1381 4105 lacobi

225 4149 255 4202 et
266 4143 381 4203 Salome
397 4150 535 4202 emerunt
544 4150 674 4203 aromata
684 4152 714 4204 et
728 4153 875 4206 venerunt
889 4164 975 4207 mane
990 4145 1025 4206 ad
1041 4126 1220 4226 sepulcrum.
1240 4146 1380 4213 Primum

225 4249 316 4326 igitur
337 4268 396 4310 una
422 4251 467 4310 via
490 4257 554 4310 erat
576 4249 719 4310 adventus
744 4251 778 4310 ad
807 4252 977 4332 sepulcrum
1000 4252 1108 4314 Mariae
1132 4252 1325 4335 Magdalenae
1350 4268 1382 4321 ct

224 4354 304 4416 illius
318 4354 424 4435 iacobi,
442 4357 590 4436 posterior
604 4363 704 4417 autem
721 4356 811 4417 altera
827 4368 893 4438 post
911 4358 987 4421 hanc
1005 4362 1137 4440 priorem
1151 4360 1262 4425 ldariae
1277 4364 1382 4428 lacobi

226 4469 256 4521 et
276 4459 416 4522 Salomes
451 4460 488 4522 Et
511 4463 701 4535 manifestum
724 4471 770 4525 est
789 4482 824 4524 ex
847 4466 1031 4546 temporibus
1050 4467 1175 4548 aliisque
1194 4468 1289 4533 rebus
1312 4472 1382 4536 illas
