2926 5040
214 304 277 369 166
533 306 744 358 ιονλιιαοτ
763 305 1050 363 λατοκκλτονοα

210 468 311 533 αὐτοῦ
334 469 393 548 τὴν
416 466 547 562 κίνηςιν,
575 469 692 548 ἐμμελῆ
721 470 757 534 δὲ
785 469 844 549 τῆν
872 467 972 547 τάξιν,
1000 468 1195 547 ὡριςμένους
1221 468 1259 532 δέ
1288 487 1358 546 φω-

209 577 336 654 τιςμοῦς
359 577 503 655 ςελήνης,
531 575 624 652 ἡλίου
653 577 688 640 δὲ
709 580 714 654 Ι
733 573 895 640 ἀνατολὰς
923 577 975 641 καὶ
998 576 1100 640 δύςεις
1122 573 1298 653 ὡριςμένας
1322 575 1359 639 έιι
1374 575 1444 639 690

210 682 394 763 ὡριςμένοις
418 681 468 746 ἀεὶ
490 686 625 761 καιροῖς,
654 680 785 747 εἰκότως
812 683 890 748 θεὸν
918 683 969 749 καὶ
996 687 1073 748 θεοῦ
1096 680 1217 761 θρόνον
1240 681 1362 747 ὑπέλα-

212 795 277 870 βον.
327 789 366 852 τό
393 789 455 867 γὰρ
482 793 645 868 τοιοῦτον,
677 788 734 854 ἅτε
763 794 897 872 μηδεμιᾷ
925 791 1086 873 προςθήκη
1113 789 1362 868 πληθυνόμενον

184 897 289 975 ομηδέ
304 896 541 974 ἐλαττούμενον
555 893 727 976 ἀφαιρέςει,
750 901 806 975 τῆς
820 917 854 960 τε
875 894 947 960 κατ’
970 895 1140 961 ἀλλοίωςιν
1163 897 1214 960 καὶ
1236 899 1363 977 τροπὴν

210 1003 301 1068 ἐκτὸς
323 1001 491 1082 ίςτάμενον
515 1005 693 1082 μεταβολῆς
721 1001 822 1081 πάςης
853 1003 1022 1081 καθαρεύει
1045 1007 1171 1082 φθορᾶς
1194 1004 1246 1067 καί
1268 1005 1361 1079 γενέ-

211 1130 303 1188 ςεως,
328 1108 491 1176 ἀθάνατον
514 1111 549 1173 δέ
574 1109 613 1174 ὂν
636 1111 729 1189 φύςει
752 1111 804 1174 καὶ
827 1107 1015 1188 ἀνώλεθρον
1039 1093 1194 1175 παντοίας
1217 1111 1283 1175 έςτὶ
1305 1131 1362 1175 κα-

210 1217 311 1296 θαρόν
334 1220 476 1295 κηλῖδος·
499 1215 604 1281 ἀίδιον
624 1218 659 1281 δὲ
679 1218 730 1281 καὶ
749 1215 938 1300 ἀεικίνητον,
961 1216 1006 1281 ὡς
1025 1216 1160 1296 δρῶμεν,
1183 1218 1254 1297 ἤτοι
1273 1219 1364 1297 παρὰ
1450 1270 1457 1283 .

210 1329 316 1403 ψυχῆς
331 1324 511 1402 κρείττονος
532 1327 536 1402 Ι
556 1324 608 1387 καὶ
623 1325 786 1402 θειοτέρας
805 1323 988 1401 ἐνοικούςης
1003 1323 1100 1407 αὐτῷ,
1119 1323 1236 1403 ὥςπερ,
1259 1323 1358 1408 οἶμαι,
1373 1324 1445 1388 690

168 1447 200 1494 10
210 1430 251 1495 τὰ
277 1430 416 1508 ἡμέτερα
443 1429 572 1508 ςώματα
599 1429 687 1507 παρὰ
713 1433 769 1508 τῆς
796 1429 834 1493 ἐν
856 1430 932 1508 ἡμῖν
955 1435 1073 1509 ψυχῆς,
1097 1433 1231 1510 φέρεται
1254 1433 1362 1517 κύκλῳ

210 1538 283 1615 περὶ
306 1537 364 1600 τὸν
384 1538 484 1614 μέγαν
502 1536 705 1614 δημιουργὸν,
729 1536 850 1614 ἢπρὸς
869 1536 969 1601 αὐτοῦ
992 1541 1051 1601 τοῦ
1071 1542 1147 1602 θεοῦ
1165 1541 1224 1618 τὴν
1242 1539 1364 1620 κίνηςιν

211 1643 474 1722 παραδεξάμενον
514 1643 572 1706 τὸν
609 1640 744 1720 ἄπειρον
781 1642 930 1718 ἐξελίττει
967 1643 1084 1708 κύκλον
1122 1642 1274 1728 ἀπαύςτιμ
1311 1649 1365 1711 καὶ

212 1749 332 1834 αἰωνίῳ
356 1754 453 1833 φορᾷ.
475 1747 479 1832 Ι

285 1890 349 1943 1δέ
369 1887 435 1943 MV:
464 1889 607 1957 ηιιοηιιαΟ
646 1890 650 1955 Ι
692 1889 851 1956 φωτιςμοὺς
874 1887 973 1957 scripsi
998 1888 1032 1942 cf.
1059 1889 1137 1944 issi:
1166 1893 1282 1957 θεςμούς
1307 1893 1364 1947 MV
1431 1879 1437 1891 ’

213 1962 321 2032 lepesO
364 1959 369 2029 Ι
412 1967 428 2013 3
454 1962 499 2013 καί
518 1959 573 2013 MV
591 1966 616 2013 et
639 1959 715 2013 ch.
733 1962 813 2026 δαείη
839 1959 943 2014 καρδίαι
967 1959 1092 2014 Iulianus
1117 1963 1135 2027 ἢ
1163 1961 1324 2031 scripsisset
1357 1964 1361 2036 Ι

212 2033 366 2099 4μὴδέμιᾶ
386 2032 414 2084 Μ
453 2034 456 2099 Ι
497 2032 601 2097 ύμὴδέ
621 2032 649 2084 Μ
688 2033 691 2098 Ι
730 2031 871 2097 ἀφαιρέςει
890 2031 928 2085 V:
952 2032 969 2084 ἀ
996 2031 1080 2099 ερέςει
1099 2033 1127 2085 Μ
1166 2035 1170 2100 Ι
1208 2038 1260 2100 τῆς
1276 2052 1309 2088 τε
1329 2066 1363 2075 -

213 2106 377 2171 μεταβολῆς;
402 2103 501 2171 πόρρω
523 2107 632 2157 mutatu
650 2102 818 2156 aspersione
835 2107 949 2156 externa
1032 2104 1037 2170 Ι
1082 2104 1197 2158 6ἐκτός
1215 2104 1363 2171 ἱςτάμενον

212 2178 366 2241 μεταβολῆς
385 2175 425 2227 M:
446 2177 599 2240 μεταβολῆς
618 2173 697 2226 ἐκτός
714 2172 858 2238 ίςτὰμενον
876 2172 902 2225 V
937 2175 941 2242 Ι
975 2174 1122 2241 8κηλίδος
1141 2175 1197 2229 MV
1236 2179 1241 2242 Ι
1280 2177 1363 2232 ἀεικί-

212 2263 300 2313 νητον
319 2243 430 2314 scripsi:
449 2261 551 2313 semper
568 2245 665 2298 mobile
683 2245 705 2297 0
725 2243 857 2310 ἀκίνητον
877 2245 904 2297 Μ
924 2244 1056 2312 ἀκίνητον
1076 2247 1108 2298 ὂν
1127 2243 1153 2298 V
1187 2248 1191 2314 Ι
1226 2253 1242 2300 9
1262 2249 1362 2317 ὥςπερ,

213 2319 296 2384 οἶμαι,
308 2348 339 2355 -
350 2320 443 2383 ψυχῆς
459 2315 619 2384 transposui
637 2315 671 2370 cf.
691 2315 929 2384 proleg.p.138.:
948 2316 1022 2370 inter
1040 2316 1143 2383 κίνηςιν
1162 2320 1191 2371 οὑ
1208 2322 1364 2386 παραδεξό-

214 2405 297 2454 μενον
316 2387 385 2441 haec
404 2387 490 2441 verba
507 2388 661 2456 posuerunt
679 2385 765 2440 MVO.

214 2517 254 2567 ξιν
272 2513 350 2580 αὑτῷ
369 2514 414 2564 καί
431 2514 485 2577 τὴν
503 2512 605 2577 ἐμμελῆ
625 2509 727 2577 κίνηςιν
746 2510 905 2577 όριςάμενος
924 2517 954 2564 71
971 2511 1027 2564 As
1056 2512 1061 2580 Ι
1091 2511 1226 2564 εὔτακτόν
1245 2528 1277 2565 τε
1297 2514 1364 2582 (γὰρ

214 2583 367 2636 Auberius:
394 2599 440 2636 om
469 2583 508 2650 ΜΙ
540 2584 585 2635 καί
617 2582 782 2649 ἐναρμόνιον
813 2584 856 2634 καί
889 2583 990 2648 ἐμμελῆ
1022 2588 1140 2636 ποιεῖται
1171 2584 1225 2649 τὴν
1258 2583 1364 2651 κίνηςιν

216 2661 249 2708 70
264 2653 284 2707 C
299 2660 315 2707 2
337 2656 340 2721 Ι
362 2652 465 2721 κίνηςιν
479 2654 614 2706 εὔτακτόν
628 2670 659 2706 τε
674 2655 718 2705 καὶ
732 2653 896 2719 ἐναρμόνιον
911 2656 956 2706 καί
970 2656 1004 2721 δὴ
1020 2656 1064 2706 καί
1079 2650 1201 2723 (sciipsiz
1217 2656 1262 2707 καί
1272 2656 1325 2709 οὐκ
1334 2657 1364 2710 Μ

215 2724 364 2791 Auberius)
388 2725 489 2790 ἐμμελῆ
512 2726 648 2789 λαχοθςαν
673 2727 726 2790 τὴν
749 2723 852 2790 κίνηςιν
872 2724 974 2777 7οΕ9
1013 2726 1017 2792 Ι
1057 2724 1306 2792 Ιωριςμένους
1328 2729 1364 2782 δέ

215 2796 412 2863 φωτιςμοὺς
426 2796 503 2847 κτέ.;
525 2795 691 2861 ώριςμένους
705 2796 735 2848 δέ
750 2796 908 2863 φωτιςμοὺς
921 2797 998 2861 ῆλιός
1010 2813 1042 2849 τε
1057 2797 1101 2848 καί
1115 2796 1215 2862 ςελήνη
1229 2802 1365 2852 ποιάςθαι

214 2867 375 2935 πεφὺκαςιν,
395 2866 502 2932 όςτρων
520 2882 551 2918 τε
570 2866 702 2920 ἀνατολαὶ
717 2869 761 2919 καί
776 2867 863 2920 δύςεις
876 2868 932 2920 κτὲ.
952 2864 1020 2921 700
1036 2873 1053 2920 4
1070 2869 1074 2934 Ι
1089 2866 1130 2920 τίς
1148 2868 1237 2920 ότοῑς
1253 2871 1306 2934 τῆς
1323 2885 1364 2923 ςε-

216 2939 301 3006 λῆνης
323 2943 473 3006 φωτιςμοῑς
496 2939 562 2990 τοὺς
585 2938 689 3006 ἐκάςτῳ
713 2938 871 3004 πρέποντας
895 2937 1045 3004 ἀπονείμας
1063 2938 1186 3005 καιροὺς;
1215 2937 1257 2991 τίς
1283 2941 1299 2992 ό
1339 2941 1365 2995 έ-

214 3025 291 3076 τροις
308 3010 421 3062 ὑποθεὶς
438 3009 489 3062 τόν
508 3007 587 3075 ἡλίου
607 3009 710 3076 δρόμον
731 3015 762 3062 71
778 3009 833 3062 As
871 3010 875 3075 Ι
913 3015 929 3062 2
954 3010 988 3062 ἐν
1008 3009 1204 3076 ωριςμένοις
1223 3009 1276 3063 ἀεί
1295 3028 1365 3064 και-

215 3087 299 3147 pois:
319 3081 349 3133 ἐν
367 3085 454 3149 καιρῷ
473 3078 556 3133 παντί
576 3079 674 3133 7007
709 3081 713 3146 Ι
747 3080 1200 3145 θθεὸν-ὑπέλαβονιθεὸν
1218 3081 1274 3148 γὰρ
1293 3083 1365 3136 εἶναι

217 3152 446 3218 διίςχυριζόμενοτ
458 3151 509 3204 τόν
524 3151 646 3217 οὐρανὸν
665 3155 698 3204 69
709 3152 760 3204 As
779 3151 872 3218 ἐπειδὴ
888 3153 918 3204 δέ
932 3168 1025 3219 φηςιν,
1043 3151 1071 3205 ἐξ
1090 3151 1130 3205 ὼν
1149 3152 1220 3204 εῖναι
1237 3152 1365 3219 πέφυκεν

215 3223 381 3290 ὁοὺρανὸς,
411 3221 525 3276 εἰκότως
546 3223 731 3287 τεθαύμαςται
755 3224 799 3275 καί
824 3222 989 3289 ὑπείληπται
1011 3223 1086 3288 παρὰ
1108 3228 1167 3275 τοῖς
1188 3225 1302 3278 πολλοῖς
1319 3228 1366 3279 καί

216 3295 279 3348 θεὸς
291 3294 424 3361 ὑπάρχειν
438 3295 482 3345 καὶ
496 3297 561 3345 θεοῦ
576 3293 676 3358 θρόνος
695 3295 749 3346 κτέ.
770 3299 804 3346 70
818 3293 843 3345 Α
859 3300 872 3346 1
891 3295 895 3362 Ι
911 3294 963 3346 οῦκ
981 3295 1014 3346 ἂν
1030 3292 1153 3359 οίηθείην
1165 3293 1282 3349 πώποτε
1295 3297 1367 3362 πρὸς

215 3371 300 3419 τοῦτο
319 3365 407 3418 αὑτὸν
426 3362 596 3428 ἀποπληξίας
610 3364 706 3430 ἐλθεῖν,
726 3365 764 3417 ὡς
778 3366 843 3417 κατ’
862 3366 963 3418 οὐδένα
980 3365 1087 3432 τρόπον
1101 3364 1243 3432 διαφέρειν
1262 3365 1367 3421 οἵεςθαι

216 3437 281 3490 θεόν
296 3438 340 3488 καὶ
355 3436 457 3502 θρόνον
476 3435 562 3488 αὑτοῦ
579 3439 612 3487 70
626 3434 651 3486 Α
665 3440 680 3488 6
698 3436 702 3501 Ι
718 3437 735 3502 ἢ
751 3435 815 3488 θεὸν
830 3434 901 3489 εἶναί
914 3452 996 3503 φηςιν
1015 3438 1032 3503 ἢ
1047 3440 1112 3489 θεοῦ
1127 3435 1229 3501 θρόνον
1247 3437 1300 3495 τὸν
1319 3439 1365 3492 ού-

216 3507 302 3573 ρανὸν
322 3511 355 3559 70
370 3505 420 3559 01
443 3508 447 3573 Ι
469 3504 506 3558 εἰς
525 3507 634 3558 ἔννοιαν
653 3507 739 3572 ῆλθον
758 3510 823 3559 θεοῦ
848 3509 923 3573 (θεοῦ
943 3504 1043 3573 adieci)
1071 3508 1193 3573 ούρανοῦ
1219 3512 1253 3561 70
1268 3507 1324 3561 Ε7
1359 3508 1363 3579 Ι

216 3582 296 3631 θεοῦ
316 3577 453 3643 θρόνονι
473 3575 507 3631 cf.
528 3582 561 3631 70
576 3574 598 3626 Β
613 3581 642 3641 23
662 3581 695 3630 72
710 3575 763 3630 Β7
790 3579 794 3645 Ι
821 3582 836 3630 6
855 3581 913 3667 τῆς
931 3584 967 3631 τέ
990 3579 1065 3631 κατ’
1083 3577 1265 3631 ἀλλοίωςιν
1285 3582 1365 3635 κτέ.;

218 3649 359 3717 (οὐρανός)
378 3647 549 3700 ἀλλοιώςεως
566 3663 597 3700 τε
617 3649 661 3700 καὶ
679 3653 792 3714 τροπῶν
807 3649 886 3702 ἐκτός
904 3649 1047 3713 ἱςτάμενος
1060 3650 1105 3702 καί
1123 3651 1278 3716 μεταβολῆς
1296 3651 1366 3705 ἁπό-

217 3737 276 3787 ςης,
297 3720 460 3786 καθαρεύων
479 3720 509 3771 δέ
529 3720 572 3770 καί
591 3722 700 3785 φθορᾶς
714 3721 757 3772 καί
775 3721 908 3785 γενέςεως
926 3720 1065 3774 ἀθάνατός
1082 3737 1113 3773 τε
1132 3720 1266 3787 ὑπάρχων
1284 3723 1366 3788 φὺςει

218 3793 262 3844 καί
282 3790 447 3857 ἀνώλεθρος.
484 3793 552 3856 πῶς,
572 3788 630 3842 εἰπέ
645 3789 702 3856 μοι,
721 3795 827 3856 τροπῆς
845 3808 876 3844 τε
894 3793 939 3844 καί
958 3792 1129 3844 ἀλλοιιίιςεως
1147 3793 1191 3857 καί
1212 3796 1367 3860 μεταβολῆς

218 3864 362 3928 ἀμοιρῆςαι
388 3864 445 3928 φῆς
470 3861 521 3914 τὸν
540 3861 659 3927 γενητόν
679 3862 812 3927 οῦρανόν;
840 3867 872 3915 71
888 3862 941 3916 Β7
962 3864 966 3929 Ι
986 3865 1077 3928 τροπὴ
1098 3862 1128 3914 δέ
1146 3867 1233 3917 τοῦτο
1257 3865 1303 3917 καί
1322 3881 1366 3931 με·

217 3934 344 3987 τάςταςις
362 3931 463 3986 7103
493 3932 497 3998 Ι
532 3931 673 3984 ἀλλοίωτις
692 3934 736 3984 καί
754 3935 844 4000 τροπὴ
866 3931 966 3986 7106
1001 3935 1005 4001 Ι
1039 3935 1208 4000 ἄφθαρτος.
1230 3975 1235 3987 .
1256 3936 1302 3988 καί
1320 3937 1366 3991 ἀν-

218 4006 347 4070 ώλεθρος,
367 4003 536 4056 ἀλλοιιίιςεως
550 4003 675 4056 ἐπέκεινα
694 4005 739 4056 καί
752 4007 869 4070 τροπῆς,
889 4004 1033 4071 ἀγένητος,
1052 4005 1148 4071 ἀΐδιος,
1167 4007 1278 4070 κηλῖδας
1297 4005 1366 4061 ἁπό-

219 4092 265 4142 της
289 4074 486 4142 ἀπηλλαγμένη
510 4075 560 4142 (νο.
584 4078 649 4127 θεοῦ
674 4075 753 4140 φύςιε
777 4080 809 4128 72
824 4076 849 4128 Α
864 4076 891 4143 8)
931 4075 936 4142 Ι
979 4076 1120 4130 ἀθάνατον
1143 4077 1223 4142 φὺςει
1247 4081 1278 4130 71
1301 4075 1366 4143 0ος

220 4146 322 4201 7106
373 4151 377 4213 Ι
430 4146 590 4212 ἀνώλεθρον
609 4150 641 4198 71
662 4143 722 4199 07
766 4147 771 4214 Ι
811 4146 864 4200 ἔξω
888 4177 922 4185 -
946 4151 1055 4214 φθορᾶς
1078 4143 1179 4200 7108
1224 4149 1228 4214 Ι
1274 4147 1368 4203 ἀίδιον

219 4224 251 4272 71
266 4218 290 4271 D
306 4224 322 4271 2
364 4217 368 4288 Ι
403 4222 419 4270 8
438 4217 527 4284 παρὰ
545 4220 654 4283 ψυχῆς
673 4218 748 4270 κτὲ.;
768 4218 784 4269 ὁ
804 4217 939 4284 ἀγένητα(
957 4219 1028 4271 κατὰ
1047 4218 1074 4270 ςέ
1093 4219 1138 4270 καί
1156 4219 1304 4286 ἄφθαρτα(
1323 4222 1368 4273 καί

219 4290 377 4357 ἀνώλεθρος
396 4290 411 4340 ὁ
431 4288 567 4355 ἄτρεπτός
589 4304 620 4341 τε
643 4290 687 4340 καὶ
706 4286 894 4342 ἀναλλοίωτος
911 4289 1042 4356 οὐρανὸς,
1061 4290 1077 4341 ὁ
1095 4289 1184 4355 πόςης
1200 4291 1368 4356 καθαρεύων

219 4362 336 4427 κηλῖδοτ,
355 4361 387 4413 ὃν
403 4361 437 4425 δὴ
456 4362 514 4425 φὴς
532 4361 576 4411 καί
590 4359 688 4426 ἀίδιον,
706 4359 782 4426 παρὰ
799 4359 881 4414 ποίας
893 4359 1050 4427 κρείττονος
1068 4362 1086 4426 ἢ
1106 4357 1252 4426 θειοτέρας
1260 4362 1369 4416 διοικεῖ·
1402 4364 1409 4379 “

218 4448 263 4486 ται
277 4435 380 4498 ψυχῆς
396 4435 428 4484 71
444 4427 467 4481 Ε
482 4436 498 4484 8
515 4432 519 4497 Ι
534 4430 609 4498 παρὰ
623 4432 714 4497 ψυχῆς
727 4429 885 4499 κρείττονος
898 4433 943 4484 καί
957 4430 1098 4499 θειοτέρας
1110 4431 1271 4500 ἐνοικούςης
1288 4433 1369 4503 αὑτῷ
