2926 5040
226 329 289 393 108
720 330 812 400 Caput
829 331 863 384 ιι.
894 290 896 294 ’

225 489 311 571 λίαν,
335 514 411 575 quae
435 516 471 557 ex
494 496 586 558 altera
603 497 679 561 libri
701 499 791 576 primi
811 505 897 577 parte
920 497 1024 558 hausta
1052 515 1119 556 esse
1142 506 1274 576 apparet
1317 499 1379 560 Sed

224 603 372 680 quomodo
390 612 455 664 orta
474 613 521 665 est
539 600 761 684 discrepantia?
789 603 972 666 Putemusne
992 612 1167 682 corruptum
1185 623 1252 665 esse
1271 625 1378 667 nume·

223 728 291 769 rum
319 729 336 768 a
359 709 481 771 Socrate
510 708 657 772 relatum?
697 711 789 772 Estne
816 710 1008 773 scribendum
1036 708 1154 790 πρώτῳ
1177 730 1233 790 pro
1256 709 1379 794 rpirqr?

223 815 277 875 Cui
300 818 490 877 coniecturae
513 817 612 878 obstat
634 817 813 878 Cassiodorii
841 817 965 878 historia
989 806 1150 898 tripartita,
1177 819 1209 878 in
1233 838 1291 898 qua
1316 820 1379 882 Vll.

224 940 287 1000 cap.
306 920 335 982 2.
358 922 448 984 latine
468 943 552 984 versa
574 924 716 1002 leguntur
735 923 866 985 Socratis
890 922 988 984 verba.
1024 924 1120 1001 litque
1139 926 1282 986 etiamen
1307 925 1377 987 foco

224 1031 312 1090 tertio
331 1029 400 1090 libri
419 1031 452 1091 lit
470 1033 592 1091 mentio.
627 1030 707 1110 Ergo
726 1030 902 1091 brevissimo
923 1030 1066 1109 temporis
1084 1032 1188 1112 spatio,
1209 1032 1291 1110 quod
1310 1041 1381 1094 erat

223 1138 302 1196 inter
326 1135 479 1197 Socratem
507 1145 538 1197 et
561 1137 794 1217 Cassiodorium,
823 1136 978 1198 statuenda
1006 1146 1086 1198 esset
1108 1138 1279 1218 corruptela
1308 1158 1380 1202 esse

223 1252 297 1304 orta.
334 1242 419 1314 Quod
444 1261 623 1323 quamquam
646 1245 712 1305 lieri
730 1246 851 1304 omnino
870 1262 930 1303 non
953 1245 1086 1323 potuisse
1105 1243 1165 1305 dici
1188 1248 1304 1328 nequit,
1325 1247 1381 1308 ad·

223 1351 400 1413 mittendum
428 1360 610 1412 tamennon
634 1361 680 1413 est
706 1354 765 1412 nisi
789 1360 921 1413 extrema
947 1353 1125 1411 necessitate
1149 1353 1268 1413 coactis.
1310 1352 1380 1416 Ηοο

226 1467 325 1519 autem
347 1457 413 1518 loco
436 1457 492 1518 aha
520 1458 606 1519 nobis
632 1467 750 1537 praesto
775 1468 821 1520 est
844 1461 1003 1519 excusatio.
1044 1457 1122 1519 Num
1149 1466 1266 1520 constat
1291 1461 1381 1539 ipsos

225 1564 330 1647 iuliani
356 1563 448 1625 libros
472 1564 616 1625 evolvisse
640 1562 815 1627 Socratem?
857 1564 934 1636 Quid
962 1567 989 1624 si
1017 1565 1079 1625 sola
1102 1583 1174 1626 usus
1202 1574 1249 1626 est
1272 1565 1381 1646 Cyrilli

221 1668 423 1732 refutatione?
455 1672 580 1733 Exstant
597 1680 697 1733 autern
716 1673 821 1733 luhani
840 1672 960 1733 rerhaa
979 1671 1102 1732 Socrate
1121 1671 1206 1733 allata
1224 1675 1256 1733 in
1271 1672 1381 1753 Cyrilli

221 1777 298 1838 libro
322 1780 420 1837 tertio.
456 1777 538 1856 Ergo
561 1797 669 1839 censeo
693 1778 847 1840 Socratem
871 1779 976 1839 luliani
999 1797 1047 1859 ea,
1072 1797 1148 1858 quae
1171 1777 1274 1858 Cprifli
1296 1778 1380 1840 libro

224 1886 313 1945 tertio
332 1884 548 1966 refutabantur,
567 1888 655 1946 tertio
674 1895 778 1947 contra
792 1885 976 1946 Christianos
993 1884 1071 1946 libro
1090 1894 1202 1946 temere
1220 1884 1380 1948 tribuisse.

250 2042 254 2047 .
309 1990 381 2052 Post
412 1991 611 2070 fragmentum
637 1989 712 2053 931]
727 2010 792 2071 sqq.
820 1992 856 2053 ad
884 1992 970 2052 aliam
1001 1993 1154 2052 materiam
1187 1993 1379 2055 tractandam

223 2098 376 2157 transiisse
395 2096 540 2159 lulianum
564 2099 636 2159 dicit
654 2098 781 2178 Cyrillus
800 2119 828 2178 p.
844 2096 886 2160 96
898 2098 933 2159 C:
962 2095 1118 2160 Μεθιετὰε
1142 2096 1178 2159 δὲ
1201 2095 1300 2173 πάλιν
1320 2098 1394 2178 ἐφ’Ι

221 2201 315 2279 ἕτερα
332 2206 389 2280 τῆ(
408 2199 481 2266 καθ’
498 2203 589 2281 ἡμῶν
608 2202 779 2280 εκευωρίαε
797 2203 855 2266 τὸν
874 2201 1007 2281 τρόπον,
1031 2201 1207 2279 ευγκρίνειν
1224 2207 1380 2282 πειρᾶται

220 2311 288 2372 τοῑε
298 2307 416 2372 ἑαυτοῦ
431 2309 619 2374 παναθλίοιε
630 2309 763 2387 δόγμαει
772 2310 812 2374 τὰ
824 2310 1018 2387 Χριετιανῶν
1032 2308 1119 2373 οὕτω
1134 2310 1249 2384 λέγων.
1273 2314 1377 2394 litque

221 2437 256 2478 ex
276 2418 367 2478 verbo
387 2415 566 2494 μεθιετάναι
585 2439 639 2481 seu
659 2415 852 2496 περιιετάναι
872 2426 1014 2480 mutatam
1032 2419 1193 2497 significari
1207 2421 1377 2503 materiam,

221 2524 398 2586 dissolutum
430 2527 663 2606 fragmentorum
696 2527 831 2587 ordinem
864 2544 923 2586 non
957 2528 1043 2606 item,
1075 2526 1164 2586 etiam
1192 2544 1228 2586 ex
1262 2530 1376 2590 ceteris

221 2631 294 2692 locis
313 2632 508 2711 intellegitur,
532 2635 632 2712 quiid
652 2633 751 2712 Cyrilli
769 2633 854 2694 libris
873 2635 1073 2712 reperiuntur.
1111 2631 1189 2693 Sunt
1206 2642 1309 2696 autem
1329 2636 1376 2698 hi:

221 2734 401 2812 μεθιετὰναι
424 2757 452 2818 ρ.
474 2736 537 2799 134
551 2738 583 2819 C,
607 2736 801 2814 περιιετάναι
824 2760 852 2819 p.
871 2736 936 2801 209
952 2739 983 2821 C,
1005 2759 1034 2818 p.
1053 2736 1161 2820 2490,
1188 2758 1264 2818 quae
1292 2726 1374 2802 idem

189 2898 192 2903 .
221 2844 318 2905 valent
340 2841 544 2921 ἀποκομίζειν
568 2844 626 2907 τὸν
650 2843 750 2920 λόγον
773 2844 872 2908 2211]
896 2857 927 2908 οι
949 2841 993 2907 δι’
1017 2843 1128 2921 ἑτέρα(
1155 2844 1264 2924 ὥεπερ
1287 2846 1374 2911 ἵεται

220 2947 329 3026 τρίβου
349 2948 414 3012 333
424 2951 456 3012 B.
488 2952 608 3013 Transit
626 2962 725 3013 autem
744 2953 875 3015 lulianus
894 2954 930 3014 ad
946 2953 1128 3014 Graecorum
1146 2962 1177 3014 et
1191 2953 1373 3017 ludaeorum

219 3058 370 3118 doctrinas
393 3061 432 3120 ita
456 3061 535 3120 inter
559 3079 590 3120 se
610 3061 832 3140 comparandas
856 3070 889 3121 ut
910 3059 1134 3139 praeferendam
1153 3078 1221 3120 esse
1236 3060 1373 3149 Platonis

219 3165 434 3244 philosophiam
458 3165 527 3226 inde
555 3177 702 3246 appareat.
744 3167 850 3245 lncipit
877 3150 976 3227 autem
1003 3168 1044 3226 ita
1068 3186 1095 3246 p.
1110 3163 1199 3229 960:
1227 3163 1311 3243 ὑπὲρ
1336 3167 1373 3230 δὲ

221 3266 269 3333 ὧν
291 3269 466 3334 ἐκεῖνοί·τε
485 3269 612 3350 ἀληθῶε
633 3272 726 3355 [ὑπὲρ
750 3273 840 3350 θεοῦ]
862 3270 1046 3337 δοξάζουειν
1065 3273 1139 3351 ἡμῖν
1162 3292 1196 3336 τε
1215 3272 1249 3336 ἐξ
1268 3269 1373 3352 ἀρχῆς

220 3375 251 3440 οἱ
283 3378 418 3456 πατέρεε
451 3380 646 3456 παρέδοεαν,
680 3379 698 3442 ὁ
727 3379 784 3458 μὲν
812 3380 965 3458 ἡμέτερος
993 3377 1059 3457 ἔχει
1090 3377 1187 3454 λόγοε
1219 3377 1280 3440 ὡδὶ
1313 3378 1373 3443 τὸν

220 3488 360 3562 προεεχῆ
384 3490 442 3549 τοῦ
461 3485 578 3565 κόεμου
601 3487 718 3551 τούτου
738 3485 940 3564 δημιουργόν.
974 3486 1029 3548 Uhi
1049 3487 1119 3565 quid
1144 3486 1200 3547 sihi
1219 3486 1292 3548 velit
1315 3507 1372 3549 vox

220 3587 279 3651 ὡδὶ
306 3592 443 3670 equidem
472 3613 531 3655 non
559 3595 706 3676 intellego.
748 3595 866 3655 llaximi
894 3602 993 3655 autem
1022 3595 1163 3654 momenti
1195 3600 1253 3673 est,
1289 3595 1373 3674 quod

221 3699 340 3759 minime
364 3703 548 3762 concessisse
571 3701 727 3782 lulianum,
750 3711 831 3762 recte
855 3700 892 3760 de
915 3699 1018 3761 mundi
1041 3701 1146 3779 opifice
1170 3701 1304 3761 sensisse
1323 3701 1372 3762 lu·

219 3804 309 3865 daeos
328 3824 364 3865 ex
387 3806 511 3886 reliquis
529 3807 652 3868 alterius
672 3811 765 3887 partis
787 3807 971 3886 intellegitur
994 3808 1175 3886 fragmentis.
1211 3805 1293 3885 Ergo
1317 3807 1373 3869 du-

219 3910 301 3971 bium
326 3929 384 3971 non
414 3922 473 3993 est,
502 3915 573 3992 quin
598 3913 774 3974 medendum
803 3916 842 3974 sit
869 3912 1056 3992 corruptelae
1079 3931 1129 3992 eo,
1155 3911 1236 3991 quod
1264 3931 1375 3975 vocem

218 4013 277 4077 ὡδὶ
305 4027 454 4079 mutamus
482 4021 513 4079 in
541 4016 655 4102 οὔδει)
695 4020 843 4081 Probatur
872 4019 944 4079 haec
973 4021 1143 4080 coniectura
1170 4019 1235 4080 aliis
1251 4019 1376 4089 =luliani

218 4123 315 4184 verbis
334 4143 362 4203 p.
377 4122 469 4187 4911:
492 4123 610 4188 οὐκοῦν
629 4125 801 4202 ἐπειδήπερ
820 4123 909 4188 οὐδὲ
933 4122 1006 4200 περὶ
1028 4126 1087 4186 τοῦ
1106 4126 1288 4201 προεεχοῦε
1311 4130 1375 4190 τοῦ

292 4370 317 4435 1)
336 4368 440 4421 Eodem
455 4369 538 4423 modo
558 4369 586 4422 in
606 4367 701 4423 codice
717 4366 853 4422 Vossiano
868 4373 901 4422 'l'l
921 4369 990 4421 odon
1010 4365 1205 4436 scriptumest
1222 4384 1277 4436 pro
1296 4331 1374 4438 ᾤουι

219 4455 254 4511 cf.
273 4457 371 4512 Iulian.
391 4458 434 4512 ed.
454 4458 542 4512 Herbi.
561 4476 588 4528 p.
608 4463 658 4525 61,
677 4463 702 4511 4.
