2926 5040
416 323 457 378 De
476 323 577 378 Iuliani
597 324 689 380 verbis
708 323 918 379 constituendis.
1174 323 1239 386 159

185 487 241 575 16)
275 500 342 571 post
369 494 618 571 praepositionem
654 489 734 566 περὶ.
787 491 829 553 Cl.
858 488 923 552 213
942 490 979 552 B:
1019 488 1091 565 περὶ
1125 487 1237 562 αὐτοῦ;

93 609 213 678 praeter
235 596 277 658 49
293 599 330 659 A:
353 597 426 673 περὶ
449 594 488 659 οὗ
512 606 542 658 ct
564 595 628 659 306
643 597 680 658 Βι
703 597 775 672 περὶ
799 593 854 658 ὼν.

186 701 240 786 17)
268 704 374 765 Utrum
402 711 469 764 aute
498 700 539 765 ἂν
567 724 591 764 c.
619 713 678 784 opt.
707 704 805 765 hiatus
834 707 960 765 evitatus
983 707 1022 765 sit
1045 723 1139 764 rucene
1163 705 1237 763 diiu—

94 811 192 871 dicare
222 829 281 870 uon
309 810 412 870 audeo.
458 809 541 871 Unus
568 810 678 889 legitur
701 810 784 872 locus
812 831 840 890 p.
864 808 928 871 229
944 811 980 872 G:
1003 808 1239 886 ςκανδαλιςθείη

96 915 138 978 ἂν
160 913 228 978 καθ’
251 913 344 992 ὑμᾶς,
369 925 456 996 atque
481 919 569 977 etiam
593 919 619 977 is
643 917 727 978 facile
752 919 862 995 corrigi
889 926 988 996 potest
1010 917 1168 978 verborum
1193 935 1240 977 or-

95 1024 164 1084 dine
188 1026 227 1084 ita
252 1032 378 1084 mutato:
406 1021 425 1098 ἡ
454 1022 490 1084 δὲ
519 1020 691 1099 ςυνείδηςις
714 1025 773 1085 τοῦ
798 1023 976 1101 βλέποντος
998 1020 1145 1100 ἀδελφοῦ
1168 1019 1242 1085 καθ’
1343 1070 1344 1074 ,

96 1127 175 1206 ὑμᾶς
199 1126 239 1190 ἂν
262 1127 506 1206 ςκανοαλιςθείη.

188 1231 243 1319 18)
266 1237 430 1299 luveterata
454 1236 571 1298 dicendi
593 1238 778 1300 consuetudo
807 1240 992 1318 agnoscenda
1016 1258 1080 1300 esse
1105 1239 1177 1299 mihi
1202 1241 1240 1299 vi·

97 1344 185 1404 detur
208 1346 237 1403 iu
262 1346 429 1405 coniunctis
452 1344 551 1406 verbis
575 1365 603 1424 p.
622 1342 688 1407 224
702 1344 739 1406 u:
764 1341 800 1406 εὖ
819 1341 893 1407 οἶδα
915 1355 945 1407 et
964 1344 1028 1408 218
1043 1347 1079 1408 B:
1109 1343 1145 1407 εὖ
1172 1342 1241 1407 οἶδ’.

186 1449 265 1510 llaec
293 1450 329 1511 de
358 1451 502 1512 vocalium
530 1470 693 1533 concursu,
721 1471 810 1531 quem
838 1453 992 1514 admisisse
1020 1472 1128 1514 censeo
1155 1453 1241 1513 lulia-

97 1577 177 1618 uum.
223 1557 348 1618 Restant
371 1565 470 1618 autem
493 1557 550 1618 loci
574 1559 708 1640 quidam,
735 1559 844 1639 quibus
873 1559 972 1620 hiatus
996 1578 1093 1638 neque
1117 1561 1245 1637 respira-

96 1667 176 1724 tione
184 1672 344 1725 excusatur
352 1682 449 1744 neque
463 1666 612 1744 frequenti
621 1668 701 1726 vocis
714 1684 770 1726 usu
780 1685 875 1745 neque
890 1665 1009 1727 dicendi
1019 1665 1245 1726 consuetudine.

91 1769 151 1835 llhi
172 1769 293 1831 librario
317 1770 433 1850 culpam
454 1770 554 1832 tribuo
574 1771 764 1852 medelasque
787 1772 968 1833 adhibendas
986 1790 1053 1832 esse
1078 1780 1188 1852 statum
1212 1791 1245 1832 ac

97 1896 130 1938 re
145 1897 213 1938 vera
228 1878 378 1939 leuissima
392 1879 568 1959 plerumque
583 1882 747 1941 mutatione
763 1879 947 1959 corruptelas
962 1879 1066 1940 tollere
1076 1896 1245 1958 possumus.

100 1987 159 2050 lam
183 2005 254 2046 vero
277 1986 313 2046 de
338 1985 462 2064 siugulis
486 2004 607 2066 agamus
630 1985 703 2047 locis
729 1985 1009 2064 emendationesque
1034 2003 1244 2064 proponamus.

184 2092 252 2171 Pag.
276 2088 319 2151 43
339 2089 376 2152 B:
410 2093 506 2152 τοῦτο
534 2091 593 2167 τήν
620 2087 749 2167 ἀρίςτην
777 2090 959 2168 θεοςέβειαν
987 2089 1054 2153 ὀνο
1063 2088 1246 2167 μάζεςθαι

96 2196 285 2274 ἠθέληςαν
309 2192 384 2258 MV:
409 2195 566 2273 ἠθέληςαν
589 2194 805 2273 ὀνομάζεςθαι.

186 2302 228 2366 52
244 2305 279 2364 Β;
304 2300 422 2365 πάντες
445 2302 505 2380 γὰρ
529 2300 726 2379 ἄνθρωποι
750 2302 904 2386 οὐρανῷ
928 2303 979 2367 καὶ
1002 2306 1070 2367 τοῖς
1093 2302 1130 2366 ἐν
1153 2301 1242 2384 αὐτῷ

97 2409 304 2488 φαινομένοις
333 2413 420 2472 θεοῖς
448 2409 534 2472 οὕτω
559 2411 596 2488 δή
620 2430 649 2473 τι
673 2413 812 2488 φυςικῶς
836 2411 1092 2489 προςηρτήμεθα;
1121 2411 1245 2471 delenda

98 2529 144 2580 est
167 2537 222 2579 vox
246 2513 419 2593 ἄνθρωποι.

185 2623 280 2685 4911:
303 2624 362 2699 τὴν
386 2620 521 2702 ἄβυςςόν
544 2643 619 2702 φηςι
643 2628 872 2702 πεποιῆςθαι
896 2622 970 2686 ὑπὸ
993 2627 1166 2701 codeseda:
1190 2642 1246 2686 πε-

97 2729 244 2809 ποιῆςθαί
267 2747 363 2807 φηςιν
387 2727 461 2792 ὑπὸ.

190 2833 1246 2913 1001:roeroecextemooconcuetvorcorocmelevocandum.

191 2942 253 3005 106
267 2944 304 3005 B:
324 2940 429 3005 καίτοι
442 2946 539 3005 τοῦτο
554 2940 661 3009 ἄξιον
676 2939 895 3024 stupecere)
914 2942 1008 3020 ὑπὲρ
1023 2946 1081 3006 τοῦ
1095 2943 1247 3006 Παύλουε

100 3047 190 3114 ἄξιον
214 3046 368 3125 θαυμάςαι
391 3050 474 3127 περὶ.

192 3153 255 3218 135
269 3157 306 3217 B:
329 3156 409 3234 φημὶ
432 3157 490 3232 μὲν
513 3156 573 3235 γὰρ
597 3157 662 3234 ἐγὼ
686 3157 737 3220 καὶ
761 3160 874 3219 τοῦτο
899 3154 996 3220 εἶναι
1019 3153 1247 3233 παροπληςίως

100 3261 214 3345 ἐκείνῳ
237 3264 394 3339 μνθῶδεςῑ
420 3261 501 3327 εἶναι
524 3274 592 3346 post
615 3267 759 3342 μυθῶδες
783 3265 900 3327 videtur
924 3283 990 3326 esse
1012 3265 1192 3344 ponendum.

194 3368 257 3431 143
273 3372 308 3431 C:
331 3373 390 3432 τοῦ
413 3373 490 3434 θεοῦ
511 3371 546 3433 δὲ
561 3368 763 3448 ὑπάρχοντος
778 3368 881 3433 ἀϊδίου
904 3369 957 3432 καὶ
968 3367 1009 3432 τὰ
1023 3367 1249 3446 προςτάγματα

100 3479 258 3540 τοιαῦτα
282 3473 380 3540 εἶναι
404 3478 566 3555 προςήκειε
590 3474 715 3540 τοιαῦτ’
738 3475 829 3542 εἶναι.
1146 3473 1151 3487 '

194 3582 254 3646 171
281 3584 319 3646 E:
352 3582 531 3661 φαίνεται
565 3581 677 3662 ἀφεὶς
711 3586 769 3663 τὴν
801 3582 1027 3662 ἀγανάκτηςινῑ
1065 3581 1159 3661 ἀφεὶς
1190 3583 1249 3660 τὴν

101 3688 313 3767 ἀγανάκτηςιν
336 3689 491 3768 φαίνεται.

194 3796 255 3860 178
271 3797 349 3875 (1ιῆ
373 3795 422 3860 ὅτι
445 3796 577 3875 μάλιςτα
599 3798 740 3862 τούτου
764 3798 894 3875 emec:
922 3799 942 3876 ἢ
972 3795 1021 3860 ὅτι
1048 3796 1166 3860 τούτου
1190 3793 1246 3874 μά·
1331 3848 1337 3857 .

101 3907 189 3967 λιςτα
213 3903 316 3980 ἐγγύς.

194 4009 336 4074 redut:
368 4009 599 4088 ἐπιεικέςτερον
622 4011 812 4090 χρηςάμενοι
840 4016 908 4075 τοῖς
932 4011 971 4074 τὰ
994 4012 1148 4088 μέγιςτα
1173 4009 1250 4087 ἠδι-

102 4115 254 4196 κηκόςιν
280 4118 299 4195 ἣ
329 4118 479 4195 Μωυςῆς;
508 4115 576 4180 τοῖς
603 4117 761 4196 ἠδικηκόςι
788 4119 828 4182 τὰ
856 4119 992 4197 μέγιςτα.
1038 4119 1141 4198 Neque
1170 4122 1248 4179 enirn

103 4227 248 4288 vocalium
271 4245 437 4287 concursus
461 4235 529 4286 ante
554 4246 655 4287 vocem
678 4228 697 4304 ἢ
723 4231 839 4290 vitatur.

176 4454 201 4520 l)
221 4400 357 4518 duola-licor
376 4411 453 4506 dialis
472 4453 514 4505 M:
534 4452 668 4518 θανμάςαι
688 4454 764 4506 ἄξιον
784 4451 818 4506 V.
