2926 5040
231 352 295 418 110
731 351 874 426 oaputn.

229 522 376 599 τὴντῶν
403 520 567 598 ἡμετέρων
594 522 744 598 πατέρων
771 521 869 586 δόξαν
897 521 977 599 ὑπὲρ
1005 520 1110 584 ἐθνῶν
1137 519 1264 584 τούτων
1293 517 1382 584 ἀντι-

230 631 425 705 παραθῶμεν
448 622 609 707 ἀλλήλαις.
651 629 798 691 Continuo
827 633 973 710 vituperat
997 629 1171 690 iudaeorum
1200 633 1384 691 sententiam

229 735 413 796 credentium
442 755 508 796 esse
536 755 569 796 se
596 736 744 796 deiectum
772 736 820 796 dei
847 736 1003 829 populum,
1031 738 1081 797 oui
1111 734 1246 797 oonsulat
1276 736 1327 797 ilie
1357 739 1385 797 si

230 843 328 901 minus
350 841 406 901 soli
429 852 459 902 at
482 850 563 902 certe
587 835 784 923 praecipue.¹)
822 841 904 902 Idem
922 851 1021 902 autem
1045 844 1174 903 sensisse
1197 842 1383 903 ludaeorum

229 947 398 1028 prophetas,
421 949 519 1023 lesum
543 949 742 1028 Nazarenum,
765 947 889 1009 Paulum
914 959 947 1011 nt
969 949 1106 1010 ostendat
1133 949 1248 1028 profert
1271 966 1383 1009 eornm

228 1058 388 1116 enuntiata.
432 1055 474 1115 de
506 1057 634 1134 primum
668 1054 787 1144 quidem
816 1074 863 1134 ea,
896 1074 971 1134 qnae
998 1075 1034 1117 ex
1067 1066 1167 1117 retere
1198 1064 1385 1116 testamento

229 1162 421 1241 deprompsit.
458 1162 500 1221 Ae
520 1160 646 1240 Cyriilus
664 1180 692 1240 p.
711 1158 774 1221 100
784 1163 805 1219 t:
825 1180 893 1221 cum
913 1163 1101 1240 repetivisset
1121 1160 1266 1222 lulianum
1286 1161 1385 1223 multa

218 1286 244 1327 -e
274 1286 357 1328 sacra
391 1269 538 1346 scriptura
572 1267 736 1347 adlegans,
768 1268 996 1326 communicavit
1029 1265 1182 1327 nobiseum
1215 1285 1249 1327 ea
1284 1270 1387 1346 ipsius

228 1374 330 1455 verba,
358 1392 433 1453 quae
457 1373 546 1433 huius
569 1372 777 1452 disputationis
800 1382 901 1433 essent
929 1381 1069 1434 extrema.
1106 1373 1209 1452 Neque
1237 1391 1311 1433 vero
1336 1375 1383 1434 in-

229 1484 388 1541 veniuntur
411 1482 441 1540 in
461 1481 626 1560 fragmento
645 1499 672 1558 p.
688 1476 764 1540 991}
779 1497 842 1558 sqq.
867 1481 924 1539 nisi
948 1479 1004 1539 ioci
1023 1498 1057 1538 ex
1079 1488 1177 1539 vetere
1196 1487 1386 1540 testamento

228 1584 334 1646 transti.
371 1586 479 1664 Pagina
503 1595 601 1645 autem
624 1582 720 1645 106Α
735 1577 827 1663 sqqfl)
851 1584 935 1645 Pauii
958 1584 1078 1664 quidem
1101 1585 1269 1647 afferuntur
1292 1586 1386 1667 diota,

228 1694 322 1770 ipsius
344 1691 455 1752 Christi
479 1710 536 1752 non
562 1693 761 1751 inveniuntur.
802 1690 881 1769 Ergo
909 1690 1014 1751 lactina
1040 1698 1088 1751 est
1115 1690 1273 1750 statuenda
1300 1693 1387 1752 inter

229 1800 286 1877 igg.
301 1795 379 1859 991}
394 1816 457 1877 sqq.
478 1808 509 1859 et
525 1795 621 1858 10οΑ
637 1815 713 1876 sqq3
733 1799 842 1856 omissa
856 1799 935 1856 enirn
950 1805 1020 1858 sunt
1033 1796 1246 1876 prophetarum
1261 1804 1294 1857 et
1308 1796 1382 1857 lesu

228 1903 370 1964 Nazareni
384 1903 481 1964 rerba.
506 1903 555 1982 Fg.
575 1912 674 1964 autem
690 1899 787 1964 106A
802 1920 866 1980 sqq.
885 1904 982 1983 ipsum
998 1901 1054 1961 sibi
1070 1918 1235 1980 repugnare
1251 1901 1384 1963 Panium

227 2010 299 2071 dicit
308 2008 448 2091 tertianus,
462 2027 531 2070 οιιω
545 2010 575 2069 in
590 2028 636 2088 ep.
646 2008 682 2068 ad
693 2008 776 2068 Rom.
791 2008 857 2068 data
872 2005 973 2069 11129
988 2008 1164 2069 iudaeorum
1178 2007 1269 2069 deum
1283 2011 1379 2070 etiam

228 2134 408 2195 paganorum
437 2135 503 2176 esse
526 2115 721 2177 contenderit.
765 2114 823 2175 Sed
853 2133 907 2175 our
932 2115 1046 2176 iudaeis
1069 2113 1131 2188 iiie,
1160 2116 1273 2194 inquit,
1300 2118 1384 2177 misit

228 2223 349 2303 diesem,
363 2222 531 2302 prophetas,
555 2220 715 2301 Christum,
731 2220 816 2282 nobis
831 2219 925 2282 nihii?
954 2220 1038 2282 Unde
1053 2220 1119 2280 tuoe
1133 2219 1244 2281 elarius
1258 2222 1384 2282 demon-

227 2332 316 2389 strari
331 2347 397 2389 esse
412 2328 589 2389 ludaeorum
609 2327 698 2387 deum
719 2346 777 2387 non
798 2317 889 2388 totius
909 2326 1010 2387 mundi
1033 2326 1196 2407 dominum,
1214 2326 1268 2387 sed
1283 2327 1380 2390 solius

228 2435 417 2496 Palaestinae.
455 2434 510 2495 Hie
524 2436 659 2495 omisisse
674 2453 707 2494 se
726 2435 868 2513 quaedam
888 2435 994 2496 luiiani
1007 2435 1118 2494 indicat
1136 2431 1265 2511 Cyriilus
1280 2433 1382 2494 verbis

228 2539 279 2602 καὶ
300 2536 485 2616 μεθ’·ἕτερα
503 2559 531 2619 p.
549 2537 611 2600 106
622 2540 654 2599 0.
692 2538 748 2600 Ubi
766 2540 925 2615 inserenda
945 2559 1010 2600 esse
1031 2557 1138 2600 censeo
1158 2557 1201 2619 ea,
1225 2556 1303 2617 qnae
1323 2541 1382 2600 iam

227 2666 317 2725 snpra
342 2648 501 2707 memoravi
522 2665 537 2705 u
559 2643 666 2724 Cyriiid
691 2648 819 2726 proierri
838 2666 864 2726 p.
883 2643 946 2706 100
957 2645 988 2705 C.
1026 2645 1159 2716 Quorum
1183 2662 1255 2704 sane
1273 2645 1382 2705 verbo·

228 2771 294 2813 rum
313 2756 407 2832 prima
428 2752 557 2832 pauiinrn
572 2761 702 2812 mutasse
723 2753 839 2812 ridetur
853 2751 987 2832 Cyrinus,
1007 2755 1073 2830 qui:
1090 2747 1168 2826 εἶτα,
1187 2752 1296 2831 inquit,
1313 2750 1397 2811 τῶν

205 2855 345 2923 ,ἑαυτοῦ
374 2854 482 2930 λόγων
510 2859 647 2918 ποιεῖται
674 2857 877 2933 ευμπέραεμα
904 2855 942 2918 τὸ
970 2852 1019 2917 ὅτι
1048 2857 1198 2934 προεήκει
1223 2854 1285 2918 τὸν
1314 2857 1382 2918 τῶν

226 2962 381 3042 Ἑβραίων
403 2962 487 3026 θεὸν.
530 2963 589 3024 iarn
617 2983 687 3025 vero
716 2967 742 3024 si
770 2965 887 3024 omissis
915 2963 1015 3024 verbis
1037 2962 1209 3024 omittendis
1232 2957 1289 3024 ‘td
1312 2959 1380 3024 ὄπ’

228 3082 295 3151 post
318 3071 440 3131 serbiam
464 3072 612 3147 προτήκει
635 3073 795 3131 inserimus
817 3068 939 3146 τοίνυν,
968 3069 1070 3131 iuliani
1099 3069 1187 3131 verba
1212 3089 1240 3149 p.
1265 3067 1332 3132 106
1343 3070 1380 3129 D²

228 3175 255 3239 εἰ
278 3175 339 3254 γὰρ
363 3174 495 3239 πάντων
518 3174 608 3252 ἡμῶν
631 3175 694 3238 ἐιτι
714 3175 787 3238 dede
810 3174 861 3238 καὶ
884 3173 1016 3237 πάντων
1036 3173 1227 3252 δημιουργόι
1249 3171 1381 3252 ὁμοίωε,

227 3282 272 3346 εἰ(
285 3280 315 3344 τί
329 3284 490 3358 περιεῖδεν
503 3279 596 3358 ἡμᾶς
612 3285 676 3343 sine
692 3283 748 3343 ulia
762 3282 935 3343 difficultate
950 3285 1139 3362 excipiuntur
1153 3282 1214 3343 his:
1228 3282 1381 3358 sponium

226 3387 335 3452 τοίνυν
362 3387 421 3451 τὸν
447 3389 513 3449 τῶν
535 3385 688 3464 Ἑβραίων
715 3387 792 3450 θεὸν
822 3385 893 3463 οὐχὶ
923 3388 961 3465 δὴ
993 3386 1113 3450 παντόι
1141 3384 1258 3462 κότμου
1288 3406 1382 3462 γενε-

226 3494 375 3571 ειουργόν
390 3493 545 3571 ὑπάρχειν
555 3491 674 3557 οἴετθαι
689 3494 740 3557 καὶ
754 3491 1003 3558 κατεξουιιάῑειν
1017 3495 1083 3555 τῶν
1097 3490 1194 3570 ὅλων,
1209 3492 1381 3556 ιυνεετιίλ-

227 3606 278 3664 θαι
302 3600 352 3676 δὲ,
377 3598 422 3662 ὡ(
445 3598 542 3677 ἔφην,
566 3600 617 3661 καὶ
640 3600 882 3677 πεπεραιμένην
905 3597 1032 3675 ἔχοντα
1050 3600 1110 3677 τήν
1136 3596 1239 3677 ἀρχὴν
1264 3597 1382 3677 ἀναμὶξ

300 3847 325 3913 1)
345 3843 374 3897 P.
394 3842 461 3896 enti
485 3843 598 3896 exstant
621 3843 691 3898 haee
710 3842 812 3897 Iuliani
836 3843 933 3896 verba:
957 3843 1017 3896 ἀλλ’
1040 3844 1110 3910 ὑπὲρ
1126 3831 1183 3909 ιμὲν
1201 3844 1317 3898 τούτων
1337 3847 1384 3899 καί

227 3935 323 4001 μικρὸν
343 3934 465 3999 ὕετερον.
503 3931 580 3995 Quae
599 3930 738 4000 pertinere
757 3931 888 3985 videntur
907 3931 943 3984 ad
958 3931 1104 3985 verborum
1119 3947 1191 3999 quae
1204 3932 1385 3988 antecedunt

226 4024 308 4078 haee:
332 4027 391 4076 τῶν
415 4023 445 4075 δὲ
469 4022 560 4075 ἄλλων
584 4022 686 4076 ἐθνῶν
700 4023 776 4074 ὅπωε
798 4023 815 4087 ἢ
835 4020 895 4086 ὑφ’,
913 4008 1005 4072 uitrici
1028 4021 1197 4073 διοικοῦνται
1219 4023 1297 4075 θεοῖ(
1314 4023 1385 4075 οὐδ’

226 4116 357 4180 ἡντινοῦν
377 4110 471 4176 μνείαν
485 4109 632 4186 πεποίηται
650 4112 698 4178 (se.
715 4111 854 4175 Μωυεήε).
887 4105 1070 4161 Inveniuntur
1082 4112 1178 4162 autem
1192 4124 1234 4172 oa,
1255 4110 1293 4163 ad
1307 4126 1384 4178 quae

225 4217 276 4254 nos
295 4198 376 4253 reicit
394 4199 516 4253 [olianus
535 4198 573 4268 ig.
595 4198 679 4251 lloD
694 4216 755 4266 sqq.
776 4197 857 4251 1410
873 4215 941 4266 sqq,
963 4196 1064 4250 ubido
1083 4199 1240 4251 ceterorum
1260 4199 1384 4267 populo-

226 4307 287 4341 rum
307 4287 350 4342 dis
369 4304 403 4341 ea
420 4287 513 4355 affert,
533 4303 605 4356 quae
623 4287 715 4340 Moses
734 4286 903 4354 neglexerat

297 4383 324 4445 2)
344 4376 434 4430 Huius
453 4374 603 4445 fragmenti
622 4393 686 4445 pars
704 4377 796 4428 exstat
814 4373 898 4428 etiam
918 4374 991 4443 apud
1007 4373 1185 4428 Theodorum
1199 4374 1382 4444 Mopsueste·

226 4483 291 4519 num
312 4478 422 4533 quornm.
442 4465 470 4518 in
490 4465 523 4520 N.
543 4465 575 4517 Τ.
595 4464 639 4519 ed.
659 4463 810 4518 Fritzsehe.
830 4481 858 4532 p.
880 4466 932 4531 10).
