2926 5040
482 345 524 400 De
543 345 645 401 Iuliani
663 346 798 400 librorum
817 344 889 399 fatis.
1217 344 1259 407 33

108 519 211 572 mento
241 512 337 591 primo
368 514 552 595 praemissis,
583 532 657 591 quae
689 531 779 593 supra
809 513 1000 591 exposuimus
1031 513 1071 571 ila
1104 510 1259 570 scribenda

110 637 190 680 esse:
214 617 387 695 Θεοδώρου
408 617 632 696 Μοψουεετία(
653 619 772 681 ἐκτῶν
791 617 871 694 πρὸ(
890 616 946 680 τὰ(
965 614 1046 679 κατὰ
1065 617 1260 695 Χριαιανῶν

109 721 300 802 κατηγορία(
323 720 497 788 Ἰουλιανοῦ
519 729 577 788 τοῦ
601 722 797 804 παραβάτου.
842 725 903 785 lam
932 744 1002 786 vero
1026 733 1260 786 consentaneum

109 811 157 892 ost¹
185 832 376 893 Theodorum
404 832 525 894 Diodori
557 833 735 913 discipulum
764 833 869 894 luliani
901 835 1045 912 impetum
1079 835 1259 912 repressisse

109 942 244 1025 opposita
278 940 395 1000 scholae
423 941 623 1002 Antiochense
656 940 799 1001 doctrina.
842 939 923 1010 eree
954 939 1073 1018 quidem
1102 940 1158 1001 fuit
1187 940 1260 1021 talis,

109 1053 144 1107 ut
163 1065 227 1107 eam
251 1049 276 1108 si
296 1046 476 1126 sequebatur
494 1048 679 1128 Theodorus,
702 1066 762 1107 uon
781 1049 879 1106 omnia
899 1065 974 1125 quae
996 1047 1110 1108 dixerat
1128 1047 1259 1107 lulianus

109 1159 298 1238 impugnare,
322 1157 411 1215 immo
431 1155 570 1217 nonnulla
594 1174 653 1215 non
677 1162 779 1234 posset
800 1173 860 1215 non
879 1153 1081 1233 comprobare.
1119 1153 1261 1215 Discessit

110 1263 189 1320 enim
224 1260 260 1322 ab
293 1280 327 1322 ea
360 1281 434 1342 quae
466 1262 516 1322 illo
549 1271 683 1342 tempore
714 1261 749 1322 ab
783 1260 920 1322 omnihus
954 1261 1016 1320 fere
1048 1268 1167 1339 recepta
1197 1269 1260 1321 erat

109 1366 258 1448 doctrina,
285 1387 353 1429 cum
376 1371 407 1429 in
436 1371 544 1429 veteris
568 1371 737 1430 testamenti
769 1369 888 1447 scriptis
912 1374 1034 1445 negaret
1057 1366 1169 1428 dictum
1194 1386 1259 1428 esse

110 1473 148 1534 de
177 1473 294 1536 Christo
327 1476 375 1537 dei
401 1479 494 1556 patris
526 1476 594 1536 lilio.
640 1476 713 1536 Eam
740 1483 839 1536 aulem
867 1474 960 1535 luisse
983 1476 1048 1534 eius
1078 1477 1257 1534 sententiam

78 1600 82 1604 ·
112 1581 295 1662 intellegitur
315 1601 349 1643 ex
369 1585 580 1644 commentario
599 1585 629 1643 in
650 1582 735 1643 Zaoh.
750 1582 763 1642 l
780 1580 885 1643 7—11
907 1580 1070 1660 (Theodori
1085 1581 1261 1641 Antiocheni

109 1687 308 1767 Mopsuestiae
323 1691 455 1769 episcopi
474 1708 548 1769 quae
564 1697 727 1769 supersunt
744 1691 841 1749 omnia
862 1688 906 1748 ed.
921 1689 954 1748 t.
969 1686 1000 1748 F.
1015 1686 1046 1747 V.
1066 1685 1257 1766 aWegnern.

109 1794 166 1878 rol.
181 1794 202 1856 l.
216 1815 244 1874 p.
259 1792 348 1877 538),
368 1796 420 1857 ubi
433 1799 626 1857 inveniuntur
638 1797 725 1858 haec:
744 1794 876 1871 Πολλῆ(
890 1795 925 1856 δὲ
941 1790 1065 1870 πλάνη(
1080 1792 1132 1855 καὶ
1146 1791 1259 1856 ἀνοία(

109 1897 174 1961 {cri
202 1900 316 1976 με(τόν
344 1901 395 1964 καὶ
423 1900 498 1964 οῦδὲ
527 1899 670 1979 ἀ(εβεία(
699 1898 837 1978 ἀφεετό(
860 1899 897 1962 τὸ
927 1897 1015 1977 παρά
1042 1918 1140 1962 τινων
1168 1898 1261 1976 λεγό-

109 2024 222 2085 μενον,
251 2004 300 2069 ὅτι
327 2008 386 2071 τὸν
414 2006 484 2071 υἱὸν
513 2006 599 2085 ἑώρα
624 2002 679 2092 (se.
703 2001 875 2092 Zacharias)
897 2010 956 2070 τοῦ
981 2009 1071 2082 θεοῦ,
1101 2009 1200 2085 δήλου
1224 2028 1261 2084 γε

109 2110 214 2191 deror,
237 2111 287 2177 ὅτι
306 2117 373 2177 τῶν
393 2114 455 2192 πρὸ
474 2118 530 2192 τῆ(
552 2117 612 2177 τοῦ
631 2112 788 2176 οεατότου
810 2113 942 2190 Χρι(τοῦ
961 2113 1136 2190 παροοάο(
1156 2113 1262 2178 olibel(

109 2217 261 2296 ἠπίετοτο
289 2221 413 2298 πατέρα
437 2221 487 2284 καὶ
515 2219 600 2303 υἱὸν,
623 2219 663 2283 οῦ
686 2220 809 2297 πατέρα
833 2220 909 2284 θεὸν
933 2218 1004 2282 υἱοῦ
1029 2223 1105 2283 θεοῦ
1128 2221 1260 2298 πατέρα,

109 2326 172 2404 οὐχ
190 2326 261 2390 υἱὸν
279 2328 355 2391 θεὸν
370 2326 441 2391 υἱὸν
455 2327 577 2405 πατρό(
596 2330 672 2391 θεοῦ
696 2330 793 2390 τοῦτο
813 2324 893 2390 ὄντα
912 2324 993 2404 ὅπερ
1012 2325 1129 2391 ἐ(τὶνὸ
1148 2329 1261 2406 πατὴρ,

109 2432 167 2497 ἅτε
199 2434 249 2498 καὶ
278 2432 357 2499 ὄντα
385 2434 418 2500 ἐξ
447 2433 555 2498 αὐτοῦ.
598 2436 636 2496 Et
658 2445 727 2516 post
754 2436 931 2516 paullulum:
959 2433 1083 2512 πατέρα
1112 2434 1147 2497 δὲ
1176 2435 1261 2514 θεὸν,

109 2539 216 2619 ὥ(περ
245 2540 304 2605 οῦν
333 2539 416 2620 ἔφην
443 2541 517 2620 ἤδη,
551 2540 622 2605 οἱοῦ
651 2544 726 2606 θεοῦ
750 2541 800 2603 καὶ
829 2540 899 2603 υἱὸν
931 2540 1007 2605 θεὸν
1036 2544 1112 2604 θεοῦ
1141 2541 1261 2620 πατρὸ(

109 2645 263 2724 ἠπί(τατο
290 2651 357 2711 τῶν
379 2646 452 2712 τότε
480 2646 625 2714 καθάπαξ
654 2647 767 2712 οὐδεί(
813 2650 964 2711 Permulta
991 2651 1096 2731 igitur,
1125 2669 1199 2729 quae
1224 2650 1260 2712 de

109 2756 213 2816 eadem
244 2776 277 2818 re
310 2760 341 2818 in
370 2758 493 2818 eandem
526 2759 702 2819 sententiam
736 2756 937 2836 disputaverat
968 2757 1112 2839 lulianus,
1145 2776 1179 2818 ea
1206 2760 1260 2819 irn-

109 2880 242 2941 pugnare
274 2866 305 2924 in
341 2873 471 2926 mentem
501 2866 601 2924 venire
636 2882 695 2924 non
727 2872 844 2943 poterat
876 2864 1041 2925 Theodoro.
1087 2865 1261 2926 hileruntur

111 2976 214 3028 autem
237 2971 324 3030 etiam
347 2969 419 3030 haec
443 2973 537 3051 ipsius
560 2970 660 3031 verba:
670 2964 695 3051 ¹)
724 2970 838 3051 „Homo
862 2970 975 3031 homini
993 2971 1260 3053 consubstantialia,

109 3073 190 3135 Deus
218 3084 316 3137 autem
344 3076 405 3137 Deo
434 3052 701 3138 consubstantialis.
738 3077 893 3149 Quomodo
917 3096 988 3156 ergo
1012 3076 1091 3137 Deus
1115 3085 1145 3138 et
1172 3077 1259 3138 homo

109 3198 190 3242 unus
217 3200 271 3261 per
299 3184 442 3244 unitatem
470 3201 536 3244 esse
564 3182 711 3263 possunt?
753 3183 856 3245 Salvus
881 3191 911 3244 et
934 3185 985 3263 qui
1009 3180 1160 3244 salvatur?
1202 3182 1260 3254 Qui

110 3295 179 3347 ante
204 3288 320 3350 saecula
343 3299 373 3350 et
397 3292 448 3369 qui
472 3310 507 3350 ex
531 3290 621 3350 Maria
645 3284 828 3370 apparuit?“
863 3290 901 3351 Et
919 3290 1062 3350 Leontius
1081 3289 1260 3370 Byzantinus

109 3402 213 3454 contra
232 3394 348 3456 Nestor.
369 3406 398 3457 et
412 3396 536 3476 Eutyoh.
551 3395 600 3457 lib.
616 3397 664 3459 lll.
680 3392 826 3479 (Gallandi
840 3398 895 3459 llll
913 3418 941 3478 p.
957 3389 1093 3479 emim:
1110 3397 1189 3479 „Hic
1209 3416 1257 3458 ex-

110 3496 288 3562 secrabilis“
306 3503 403 3582 inquit
420 3505 474 3584 „in
494 3503 686 3564 celeberrima
706 3506 830 3566 eeclesia
851 3505 1036 3585 Antiochiae,
1059 3513 1093 3565 ut
1112 3505 1259 3583 quondam

110 3591 281 3691 vocabatur,
298 3627 377 3670 nunc
396 3616 495 3670 autem
514 3611 682 3694 Theopolis
701 3632 769 3674 eum
789 3612 959 3692 explanaret
978 3613 1151 3691 scripturas
1170 3629 1260 3672 ausus

111 3721 158 3774 est
181 3731 250 3774 cum
272 3715 363 3776 multa
387 3715 456 3797 alia,
479 3723 543 3777 tum
566 3736 669 3778 rocem
692 3714 856 3792 θεοτόκο(,
879 3718 909 3778 id
934 3726 992 3799 est,
1020 3717 1158 3797 Deipara,
1186 3720 1259 3778 vitu-

110 3838 232 3901 perare,
254 3830 289 3881 ut
307 3823 347 3882 ita
370 3823 438 3882 inde
462 3832 558 3885 totum
577 3833 680 3885 contra
704 3844 736 3886 se
755 3825 898 3905 populum
917 3819 1144 3884 commoveret.“
1179 3823 1258 3902 Ergo

110 3945 148 3986 ne
174 3944 208 3986 ea
231 3926 351 4004 quidem
374 3927 531 4008 displicere
555 3938 692 4008 poteraut
715 3930 885 4011 Theodoro,
914 3951 989 4011 quae
1012 3937 1190 4010 exposuerat
1212 3930 1259 3991 lu-

109 4032 208 4094 lianus
231 4052 276 4113 ap.
301 4032 366 4113 Gyr.
389 4054 417 4114 p.
433 4032 525 4096 2620
541 4055 603 4116 sqq.
623 4033 717 4097 tlon
733 4056 776 4115 sq.

200 4139 307 4200 lisdem
335 4141 397 4202 lere
421 4142 605 4223 temporibus
630 4144 737 4223 quibus
761 4144 937 4206 Theodorus
960 4145 1187 4224 Mopsuestenus
1210 4163 1258 4225 ag·

108 4265 232 4326 gressus
252 4265 317 4308 esse
336 4248 442 4310 Iuliani
460 4248 552 4310 libros
567 4250 734 4311 censendus
754 4259 800 4312 est
816 4245 1023 4329 Philippus
1043 4245 1183 4312 Sidete.
1217 4250 1258 4310 De

183 4473 210 4542 1)
228 4471 367 4527 Harduini
386 4473 449 4528 coll.
469 4472 567 4528 concil.
587 4474 627 4527 ΙΙΙ
645 4493 673 4544 p.
693 4480 726 4528 99
746 4474 775 4528 Ο,

163 4571 271 4612 Ια1λιαοι
285 4571 321 4614 cd.
334 4573 460 4614 Heumann.
