2926 5040
465 311 565 362 RATA
582 310 804 363 κτιοτιλπτια
821 310 946 364 λοπου
963 313 995 364 λ
1236 308 1301 374 207

156 475 331 559 μιμητικὰς,
355 473 427 540 οἷον
451 472 792 554 άγαλματοποιητικῆν,
815 477 983 555 γραφικῆν,
1008 473 1070 558 <ἢ>
1089 472 1302 554 οἰκονομικὴν,

155 583 297 661 ἰατρικὴν
320 583 378 661 τὴν
402 582 435 648 ἐξ
459 580 659 660 Ἀςκληπιοὺ,
688 579 727 646 οὑ
751 585 918 659 πανταχοῦ
945 585 1004 659 γῆς
1032 582 1095 647 ἐςτι
1123 583 1300 661 χρηςτῆρια,

154 689 174 752 ἃ
199 689 326 753 δίδωςιν
354 690 429 768 ἡμῖν
453 688 471 752 ό
494 689 568 754 θεός
597 687 850 767 μεταλαγχάνειν
874 692 1033 768 διηνεκῶς.
1071 689 1126 769 ἐμέ
1150 694 1230 767 γοῦν
1255 689 1300 755 ἰά-

154 817 231 861 ςατο
255 794 409 860 πολλάκις
433 794 617 875 Ἀςκληπιός
637 795 800 875 κάμνοντα
818 795 1040 875 ὑπαγορεύςας
1062 795 1227 876 φάρμακα·
1250 798 1301 862 καὶ

97 903 142 967 51)
157 904 282 968 τούτων
301 903 419 982 μάρτυς
438 903 501 967 ἐςτὶ
521 908 526 983 Ι
547 904 637 968 Ζεός.
676 903 703 968 εἰ
721 903 831 968 τοίνυν
849 903 881 968 οἱ
899 903 1145 983 προςνείμαντες
1164 902 1330 970 ἑαυτοὺςο
1362 898 1365 902 ’

152 1017 198 1097 τῶ
226 1016 282 1091 τῆε
311 1010 502 1076 ἀποςταςίας
530 1010 686 1090 πνεύματι
717 1011 757 1074 τὰ
786 1012 858 1090 περὶ
888 1013 996 1089 ψυχὴν
1024 1008 1155 1089 ἄμεινον
1183 1011 1300 1092 έχομεν

152 1120 204 1182 καὶ
227 1120 300 1198 περὶ
328 1122 417 1198 ςῶμα
444 1119 495 1183 καὶ
517 1117 558 1181 τά
580 1118 684 1196 ἐκτὸς,
712 1117 799 1182 τίνος
823 1118 940 1183 ἕνεκεν·
960 1116 1098 1196 ἀφέντες
1121 1123 1222 1185 ταῦτα
1245 1119 1300 1185 ἐπ’

154 1227 263 1290 ἐκεῖνα
288 1225 443 1305 βαδίζετε;
466 1225 471 1306 Ι

97 1332 143 1396 ΒΑ
243 1330 330 1398 Ἀνθ’
349 1331 427 1396 ὅτου
448 1331 527 1415 <δὲ>
547 1333 624 1410 μηδὲ
644 1337 712 1396 τοῖς
731 1332 908 1411 Ἑβραϊκοῖς
927 1329 1036 1408 λόγοις
1055 1332 1205 1412 ἐμμένετε
1224 1336 1300 1414 μήτε

97 1437 299 1516 ΒΒάγαπᾶτε
322 1440 381 1503 τόν
400 1438 515 1517 νόμον,
539 1439 578 1503 ὃν
598 1440 739 1503 δέδωκεν
763 1437 781 1501 ὁ
801 1439 874 1503 θεὸς
894 1435 899 1523 Ι
919 1437 1061 1518 ἐκείνοις,
1085 1439 1300 1505 ἀπολιπόντες
1312 1458 1344 1507 10

156 1547 191 1609 δὲ
220 1546 259 1609 τά
287 1544 404 1623 πάτρια
432 1546 483 1608 καὶ
512 1543 625 1609 δόντες
654 1545 789 1610 ἑαυτοὺς
817 1544 865 1609 οἷς
893 1546 1047 1625 ἐκήρυξαν
1071 1546 1101 1609 οἱ
1129 1551 1301 1626 προφῆται,

151 1654 253 1718 πλέον
277 1651 408 1716 ἐκείνων
436 1654 456 1730 ῆ
479 1655 546 1716 τῶν
574 1650 655 1730 παρ’
677 1653 752 1731 ἡμῖν
775 1651 943 1731 ἀπέςτητε;
972 1654 1010 1717 τὸ
1037 1653 1099 1732 γὰρ
1128 1650 1244 1731 ἀληθὲς
1273 1651 1302 1717 εί

151 1781 197 1824 τις
220 1759 301 1838 ὑπὲρ
324 1759 413 1838 ὑμῶν
437 1759 544 1824 ἐθέλοι
568 1764 712 1839 ςκοπεῑν,
744 1759 866 1839 εὑρήςει
890 1761 948 1837 τὴν
972 1758 1127 1839 ὑμετέραν
1155 1758 1301 1840 ἀςέβειαν

152 1866 186 1931 έκ
209 1888 244 1930 τε
272 1871 328 1944 τῆς
351 1863 521 1946 Ἰουδαϊκῆς
549 1865 668 1945 τόλμης
696 1867 746 1929 καὶ
773 1871 829 1944 τῆς
852 1865 940 1944 παρὰ
968 1871 1036 1931 τοῖς
1060 1866 1182 1933 ἔθνεςιν
1210 1865 1299 1930 άδια-

152 1973 268 2053 φορίας
295 1974 346 2036 καὶ
375 1972 584 2052 χυδαιότητος
613 1974 824 2051 ςυγκειμένην.
864 1973 897 2037 ἐξ
927 1971 1049 2052 ἀμφοῖν
1076 1973 1138 2051 γὰρ
1167 1972 1235 2037 οὔτι
1258 1975 1296 2038 τὸ
1312 1991 1344 2041 15

152 2080 331 2159 κάλλιςτον,
360 2078 444 2144 ἀλλὰ
466 2081 504 2144 τό
533 2083 643 2158 χεῖρον
672 2079 859 2143 ἑλκύςαντες
889 2080 1043 2157 παρυφὴν
1066 2083 1173 2143 κακῶν
1196 2079 1300 2159 εἰργά-

153 2194 252 2252 ςαςθε.
290 2191 359 2251 τοῖς
387 2188 444 2265 μέν
474 2186 536 2267 γὰρ
559 2185 713 2265 Ἑβραίοις
744 2184 853 2266 ἀκριβῆ
882 2186 922 2250 τὰ
951 2188 1023 2265 περὶ
1045 2186 1210 2266 θρηςιςείαν
1237 2188 1301 2251 ἐςτλ

226 2360 399 2429 λῆαςίίοοίι
420 2377 465 2414 om
485 2362 537 2415 ΜΟ
581 2363 584 2428 Ι
626 2367 804 2427 2πανταχοθ
826 2360 981 2428 Aubertus3
1005 2361 1039 2415 cf.
1058 2361 1164 2432 proleg.
1184 2381 1211 2432 p.
1232 2369 1298 2418 13οι

153 2435 315 2499 ἁπανταχοῦ
335 2434 363 2486 Μ
400 2432 406 2502 1
445 2431 503 2486 δεί
520 2432 617 2486 τοίνυν
637 2435 692 2487 κτὲ.
717 2433 790 2486 hunc
813 2432 841 2486 in
860 2432 974 2488 modum
992 2432 1130 2502 pervertit
1147 2435 1181 2488 0:
1205 2434 1300 2503 Ιρίίυν

153 2521 221 2574 quae
239 2505 351 2558 traditis
368 2519 418 2558 uos
436 2505 591 2572 apostasiae
608 2502 742 2572 spiritui?
759 2506 821 2569 (nos
835 2504 859 2556 ά
872 2505 947 2559 circa
966 2505 1087 2559 animam
1106 2503 1203 2559 melius
1220 2507 1299 2560 habe-

153 2592 213 2630 mus
231 2576 255 2629 ά
273 2576 347 2629 circa
366 2591 465 2643 corpus
484 2591 516 2629 ου
534 2580 660 2643 externa)
677 2577 702 2628 τά
720 2592 803 2644 quare
821 2592 871 2629 που
889 2577 991 2630 relictis
1009 2577 1067 2629 illis
1085 2576 1122 2630 ad
1141 2577 1200 2630 alia
1218 2578 1299 2631 υαάί-

153 2646 208 2701 tis?
242 2649 247 2716 1
281 2646 456 2700 θίουλιανοὺ
472 2648 562 2717 Mmg
580 2647 748 2701 Ιαίίυαυεθ
778 2647 782 2718 Ι
817 2648 847 2700 δὲ
866 2647 968 2702 adieci:
988 2663 1033 2700 om
1048 2648 1100 2702 ΜΟ
1135 2650 1139 2716 1
1174 2650 1243 2715 μηδέ
1258 2650 1298 2702 Μ;

153 2719 277 2791 παραινῶ
312 2719 316 2785 Ι
352 2723 384 2771 10
404 2717 517 2781 ἐκείνοις
536 2719 577 2771 Με
597 2717 772 2772 Ηοόναυῶθ
807 2721 811 2786 Ι
847 2719 931 2772 16τό
950 2724 1042 2785 χεῖρον
1061 2719 1102 2773 M:
1126 2720 1299 2789 quodpessi-

153 2790 267 2844 mumO
301 2792 305 2858 Ι
340 2789 497 2856 είργάςαςθε
516 2790 557 2842 Μ;
577 2790 729 2857 operamini
747 2791 778 2844 0.

225 2957 240 3004 3
261 2951 316 3017 ἐμέ
335 2955 418 3015 γοῦν
437 2949 556 3004 ἰάςατο
575 2953 652 3006 κτὲ.;
678 2952 834 3016 τεθαύμακε
859 2951 890 3004 δὲ
913 2950 964 3004 τόν
992 2951 1152 3017 Ἀεκληπιόν
1176 2951 1214 3004 ῶς
1232 2952 1299 3006 ὑπα-

154 3023 337 3088 γορεὺςαντα,
357 3023 428 3075 καθά
447 3038 529 3089 φηςιν
548 3022 644 3090 αὑτδε,
665 3023 852 3089 ἀρρωςτοθντι
871 3021 1017 3088 φάρμακα,
1037 3024 1081 3075 καί
1099 3027 1185 3075 τοθτο
1199 3021 1300 3076 εἰδέναι

154 3095 220 3160 φηςί
238 3094 289 3147 τὸν
308 3092 374 3146 Δία·
399 3094 460 3146 εἶτα
482 3098 533 3146 τοὺ
556 3094 635 3159 χάριν
659 3094 763 3160 μάρτυς
784 3095 849 3160 ἡμῖν
867 3091 972 3159 ἰατρῶν
989 3093 1155 3160 παρελήφθη
1175 3097 1219 3146 καί
1238 3095 1299 3160 οὐχί

155 3166 189 3230 δή
209 3167 312 3230 μᾶλλον
331 3166 415 3218 αὑτός
430 3163 504 3218 ἰᾶται
521 3167 587 3217 τοὺς
600 3165 767 3230 κάμνοντος
786 3167 804 3231 ἢ
822 3165 894 3229 τάχα
907 3181 962 3218 που
981 3167 1017 3230 μῆ
1037 3163 1118 3217 είδὼς
1130 3167 1183 3231 τῆν
1197 3167 1299 3233 τέχνην

153 3236 310 3301 τεθαύμακε
329 3237 396 3301 μετὰ
415 3241 462 3289 τοὺ
481 3237 548 3289 τοὺς
564 3236 670 3303 ταύτης
688 3237 881 3302 ἐπιςτήμονας,
900 3236 1071 3303 ὑπηγόρευςε
1089 3237 1120 3288 δὲ
1138 3236 1171 3290 τό
1190 3238 1299 3303 φάρμα-

155 3323 205 3360 κον
224 3308 240 3358 ό
260 3307 419 3374 Ἀςκληπιός
441 3308 564 3374 καθάπερ
587 3307 663 3373 οἶμαί
685 3324 727 3360 τις
744 3312 802 3361 τῶν
821 3306 985 3374 ἐπιδιφρίων
1004 3306 1120 3374 ίατρῶν;
1140 3313 1192 3361 237
1207 3308 1263 3361 34
1293 3307 1296 3378 ί

155 3384 171 3430 δ
190 3377 220 3431 εί
237 3377 354 3431 τοίνυν
374 3379 451 3432 κτὲ.;
478 3378 502 3431 εί
521 3379 583 3445 οὑν,
603 3381 700 3446 φηςίν,
727 3379 753 3432 οἱ
771 3379 984 3446 προςνείμοντες
1002 3395 1089 3447 usque
1107 3378 1145 3431 ad
1163 3378 1299 3444 βαδίζετε;

154 3453 205 3502 237
221 3446 246 3500 Ι)
262 3455 277 3502 ’ί
296 3453 316 3514 Ἰ
351 3456 366 3504 9
387 3451 469 3515 μηδὲ
486 3455 558 3503 τοῖς
578 3450 762 3518 Ἑβραϊκοῖς
780 3452 895 3516 λόγοις
914 3451 992 3504 κτέ.;
1017 3451 1073 3516 ἔφη
1098 3451 1218 3516 μὲνγὰρ
1241 3455 1300 3504 τῶν

156 3521 305 3587 Ἑβραϊκῶν
329 3522 401 3587 ἡμᾶς
425 3522 610 3588 ἀποφοιτῆςαι
635 3523 727 3586 λόγων
753 3524 798 3575 καί
822 3523 985 3588 ὀλιγωρῆςαι
1010 3526 1061 3574 τοὺ
1086 3521 1184 3589 νόμου,
1211 3521 1300 3575 καίτοι

154 3592 287 3645 δοθέντος
303 3593 379 3658 παρὰ
398 3597 477 3659 θεοὺ,
500 3591 686 3659 προςῆκαςθαί
707 3609 739 3657 γε
763 3595 817 3659 μὴν
840 3594 875 3647 τὰ
899 3594 943 3645 διά
961 3596 1019 3645 τῶν
1038 3591 1125 3657 ἁγίων
1143 3599 1299 3660 προφητῶν

112 3708 119 3725 ,
154 3664 316 3730 κηρύγματα
335 3669 387 3717 238
402 3663 424 3716 Ε
440 3669 473 3716 10
514 3669 518 3726 ί
559 3665 615 3718 εἶθ’
638 3666 729 3718 οὑτως
751 3667 815 3730 ἡμῖν
838 3663 987 3728 ἐγκαλείτω
1010 3665 1063 3729 τὴν
1086 3664 1231 3716 ἀπόςταςιν
1255 3666 1300 3716 καί

153 3735 187 3787 τὸ
201 3739 260 3788 τῶν
273 3734 356 3801 ἱερῶν
371 3735 556 3802 ἀποφοιτῆςαι
570 3737 665 3801 νόμων
678 3735 807 3789 ποιείςθω
821 3736 935 3802 γραφήν
950 3739 1001 3788 233
1013 3736 1036 3786 Α
1048 3740 1063 3787 θ
1089 3735 1093 3801 Ι
1120 3740 1151 3787 13
1168 3736 1300 3801 εὑρὴςει

154 3809 216 3872 τὴν
234 3806 404 3873 ὑμετέραν
419 3808 573 3872 ἀςέβειαν
588 3809 665 3860 κτέῑ
685 3808 843 3874 εὑρῆςομεν,
858 3809 932 3874 φηςί,
945 3808 998 3874 τῆν
1011 3807 1082 3872 παρ’
1100 3807 1163 3872 ὑμῖν
1177 3806 1299 3871 άςέβειαν

154 3877 186 3929 ἐκ
203 3893 234 3930 τε
252 3880 303 3943 τῆς
322 3879 470 3944 Ἰουδαϊκῆς
487 3879 591 3945 τόλμης
609 3881 654 3930 καί
672 3882 723 3944 τῆς
747 3878 903 3945 Ἑλληνικῆς
922 3877 1105 3943 χυδαιότητος
1123 3878 1299 3943 ςυγκειμένην

155 3953 206 4002 239
222 3948 277 4002 De
319 3950 324 4016 1
366 3950 452 4003 πόθεν
478 3951 555 4017 αὐτῷ
580 3950 701 4015 παρέςτη
727 3951 780 4015 τήν
808 3950 975 4015 Χριττιανῶν
1004 3947 1149 4015 θρηςκείαν
1177 3949 1299 4013 ἀεέβειαν

154 4018 253 4087 εἰπεῖν,
277 4021 329 4072 οὑκ
348 4021 403 4085 έχω
421 4026 512 4086 νοεῖν,
534 4023 552 4087 ἢ
572 4019 634 4073 τίνα
652 4021 758 4086 τρόπον
776 4022 854 4087 ἡμεῖς
870 4024 921 4086 τῆς
936 4018 1083 4073 -Ἰουδαίων
1101 4021 1204 4086 τόλμης
1221 4020 1300 4084 γεγό-

153 4107 241 4156 ναμεν
264 4094 386 4157 ζηλωταί
408 4093 452 4144 καί
475 4095 526 4157 τῆς
549 4092 594 4159 (Ατ
621 4097 681 4145 τοῖς
699 4092 739 4159 Μ)
765 4093 837 4158 παρ’
859 4092 966 4157 Ἑλληςι
989 4091 1172 4157 χυδαιότητος
1190 4090 1300 4157 ἐραςταί

155 4165 206 4215 233
224 4161 278 4214 Ε4
312 4163 317 4232 Ι
357 4167 389 4216 17
409 4169 480 4215 τοῖς
499 4163 556 4228 μέν
574 4164 636 4230 γὰρ
657 4162 818 4229 Ἑβραίοις
837 4164 914 4216 κτὲ.;
938 4164 991 4228 ναί,
1011 4165 1108 4229 φητίν·
1132 4163 1229 4228 ἀκριβῆ
1250 4163 1299 4227 μέν

154 4234 208 4300 γάρ
235 4234 271 4286 τά
298 4234 373 4300 παρὰ
397 4240 456 4287 τοῖς
483 4233 614 4300 Ἑβραίοις
639 4235 694 4288 ἑςτλ
719 4235 821 4301 νόμιμα
847 4237 891 4288 καί
917 4234 1085 4301 φυλάγματα
1109 4236 1154 4286 καί
1180 4235 1234 4299 μὴν
1253 4235 1298 4285 καί

155 4303 309 4371 ἱερωτάτης
328 4305 446 4371 δεόμενα
465 4308 546 4372 ἰωῆς.
574 4305 786 4373 ἀποφάςκοντος
808 4307 839 4361 δέ
861 4311 912 4358 τοὺ
935 4306 1024 4370 νόμου
1047 4304 1081 4357 τὸ
1104 4308 1177 4358 θεοῖς
1195 4304 1300 4370 ἑτέροις

154 4381 317 4442 προςκυνεῖν
338 4379 411 4443 πλὴν
429 4376 470 4430 ἑνί
493 4392 525 4430 τε
549 4378 593 4429 καί
612 4378 702 4446 μόνῳ,
724 4376 917 4445 παρωςάμενοί
939 4377 1033 4430 τεκαὶ
1052 4376 1298 4429 διαπτὺςαντεςτδ

154 4451 253 4514 χρῆναι
277 4449 354 4512 βιοὺν
377 4448 500 4514 ἐννόμως
523 4449 599 4514 ὑμεῖς
625 4450 710 4515 μόνον
733 4449 873 4516 ἡρπάςατε
895 4449 929 4501 τὸ
952 4446 1070 4514 ὑβρίζειν
1093 4446 1238 4516 (ὑβρίνζειν
1257 4449 1298 4515 Μ)
