2926 5040
215 339 279 424 1⁴22
714 361 805 431 eaput
823 363 857 416 11.
973 376 978 385 ·

214 530 372 608 fragmenti
394 548 422 608 p.
437 524 499 589 351
512 528 535 587 Α
550 547 614 608 sqq.
638 538 854 608 argumentum.
891 529 1009 609 lntegra
1032 539 1131 590 autem
1155 538 1271 590 servata
1295 538 1370 589 sunt

214 636 319 698 Iuliani
342 635 430 696 verba
454 654 470 695 a
493 633 615 694 vocibus
634 631 704 695 νυνὶ
726 633 761 695 δὲ
780 631 1028 711 ἐπαναληπτέον
1045 655 1074 715 p.
1089 632 1188 697 351l
1212 635 1369 715 usquead

213 761 242 822 p.
257 739 351 803 351ss
371 739 422 803 καὶ
441 737 619 816 ςπέρματός
638 757 702 802 ςου.
737 740 879 820 Sequitur
898 750 1074 821 excerptum
1092 741 1193 823 Cyrilli
1211 761 1310 823 usquc
1329 742 1370 803 ad

214 868 301 910 voces
331 847 470 930 βαςιλείᾳ
496 849 563 910 τῶν
591 844 741 923 οὐρανῶν
768 867 796 927 p.
816 844 879 910 351
892 848 928 930 C,
956 849 1036 928 quod
1063 851 1212 929 excipitur
1238 852 1371 930 integris

214 955 320 1017 Iuliani
342 952 397 1018 ὅτε
420 954 530 1019 τοίνυν
553 975 648 1036 usque
671 955 708 1016 ad
732 952 829 1017 3th
853 953 1147 1032 οὐνομοφύλακες.
1190 956 1371 1037 Sequuntur

214 1073 314 1125 autom
337 1082 364 1142 p.
380 1058 479 1123 3511)
504 1061 605 1142 Cprilli
627 1060 726 1142 verba,
749 1061 858 1140 quihus
882 1062 975 1124 refert
998 1081 1074 1142 quae
1098 1062 1295 1143 sequentihus
1319 1063 1371 1124 lu·

214 1169 310 1231 liunus
337 1168 539 1249 disputaverit.
576 1167 642 1228 Nou
671 1166 821 1228 celebrare
850 1167 958 1247 pascha
982 1167 1166 1230 Christianos
1193 1171 1278 1249 aguis
1301 1189 1371 1250 azy·

214 1279 328 1356 mleque
351 1275 478 1355 panibus
497 1274 656 1355 vescendo;
679 1293 776 1353 neque
795 1293 883 1354 posse
906 1293 959 1336 eos
982 1276 1197 1356 neglegentiam
1221 1295 1307 1337 suam
1334 1297 1373 1338 eo

214 1383 388 1462 defendere,
420 1381 500 1462 quod
529 1400 676 1460 nusquam
704 1381 791 1442 liceat
819 1400 901 1442 sacra
930 1383 1028 1444 facere
1057 1385 1116 1444 uisi
1142 1382 1372 1465 Hierosolymis.

213 1490 293 1551 Haec
321 1489 448 1571 Cyrillus
476 1489 598 1550 rettulit.
642 1488 746 1550 Exstat
774 1497 874 1550 autem
903 1507 1007 1569 magna
1040 1509 1110 1569 pars
1137 1491 1232 1569 ipsius
1254 1491 1373 1553 luliani

213 1597 382 1677 verborum,
406 1595 515 1676 quihus
534 1614 568 1656 ea
587 1598 734 1678 exposuit,
757 1614 831 1676 quae
856 1596 976 1657 brevius
995 1595 1110 1657 reddita
1129 1614 1195 1657 esse
1218 1615 1236 1656 a
1256 1595 1372 1677 Cyrillo

127 1701 129 1705 ’
214 1703 301 1764 modo
330 1705 565 1764 memoravimus.
607 1702 631 1762 Ε
660 1701 769 1783 quihus
801 1702 1000 1782 intellegimus
1029 1720 1089 1763 uon
1121 1705 1194 1764 satis
1226 1714 1372 1767 accurate

214 1810 356 1890 Cyrillum
379 1809 539 1872 rettuhsse.
579 1810 699 1871 Minime
724 1812 803 1871 euim
831 1809 1000 1889 neglectum
1023 1809 1132 1890 paseha
1156 1829 1191 1871 eo
1220 1829 1372 1874 excusare

214 1916 394 1978 studuerunt
418 1917 591 1997 Christiani,
622 1919 691 1996 quia
720 1927 803 1978 extra
826 1916 1029 1998 Hierosolyma
1053 1936 1136 1979 sacra
1160 1919 1258 1979 facere
1281 1920 1372 1980 nefas

213 2033 307 2105 esset3
325 2024 465 2105 pascham
480 2027 559 2085 enim
574 2043 639 2086 sese
655 2043 690 2085 eo
710 2023 861 2085 celebrare
876 2023 1032 2106 negabant,
1051 2024 1131 2104 quod
1147 2043 1240 2086 tinum
1254 2025 1371 2087 Christi

213 2132 392 2192 sacrificium
419 2140 561 2211 aequaret
589 2151 692 2193 omues
721 2151 811 2212 agnos
839 2135 998 2211 quotannis
1026 2151 1042 2192 a
1066 2133 1193 2194 ludaeis
1211 2141 1370 2195 mactatos.

213 2238 288 2299 Dein
311 2238 441 2299 lulianus
465 2242 612 2319 vituperat
636 2238 835 2320 Christianos,
863 2238 943 2318 quod
966 2257 1026 2299 non
1049 2240 1205 2301 imitentur
1228 2238 1369 2301 Abrahae

213 2363 298 2406 saera
320 2345 451 2407 faciundi
474 2348 574 2428 ritum,
597 2365 694 2426 neque
714 2345 819 2406 eodem
839 2345 926 2406 modo
950 2356 1039 2426 atque
1062 2346 1111 2407 ille
1135 2348 1237 2408 futura
1255 2365 1370 2427 eogno-

214 2470 298 2512 scere
322 2452 468 2514 studeant.
505 2453 608 2533 Neque
636 2455 716 2514 enim
739 2472 842 2514 vanam
871 2472 936 2515 esse
960 2471 1062 2515 rerum
1085 2455 1255 2515 futurarum
1280 2473 1369 2534 prae-

214 2559 383 2641 dictionem,
406 2561 551 2640 imprimis
570 2579 635 2622 eam
654 2580 712 2641 qua
730 2570 854 2622 utamur
872 2562 1008 2640 auspices
1027 2579 1081 2640 pro
1101 2570 1183 2621 certo
1207 2560 1384 2648 adfirmare⁴

214 2685 279 2727 sese
307 2685 409 2748 posse,
438 2687 495 2747 qua
523 2669 658 2730 futurum
682 2687 762 2750 esse,
789 2678 823 2729 ut
850 2685 953 2728 rerum
980 2669 1044 2747 ipse
1071 2670 1221 2747 potiretur
1244 2667 1305 2729 sihi
1328 2671 1370 2729 sit

214 2774 391 2834 nuntiatum.
419 2773 617 2854 Enpouuntur
626 2784 726 2837 autom
740 2773 813 2835 haec
827 2775 1001 2854 fragmentis
1012 2770 1107 2836 354Α
1117 2792 1182 2854 sqq.
1197 2770 1292 2835 356c
1302 2793 1369 2854 sqq.

214 2876 393 2960 358C'sqq.
417 2877 516 2942 36111
543 2875 623 2963 (Cpr.
647 2901 709 2943 exc.
739 2877 886 2944 δεδόςθαι
914 2897 951 2955 γε
980 2879 1041 2957 μὴν
1070 2877 1122 2941 καὶ
1149 2876 1238 2962 αὐτῷ
1268 2899 1369 2959 φηςιν

214 2983 352 3062 ὀρνίθων
375 2985 489 3063 φωνὰς
508 2987 712 3051 διδαςκούςας
736 2985 785 3050 ὅτι
803 2990 872 3050 τοῖς
890 2989 946 3064 τῆς
971 2982 1128 3063 Buculeio<
1151 2984 1286 3064 ἐνιζήςει
1310 2984 1368 3051 θά-

214 3088 303 3177 κοις).
340 3095 551 3176 Fragmentum
573 3106 673 3158 autem
692 3092 791 3179 354u
814 3098 855 3157 ita
878 3096 1069 3174 coniungitur
1093 3111 1161 3154 oum
1184 3094 1367 3156 anteceden-

214 3200 294 3262 tihus
317 3201 423 3263 luliaui
446 3202 544 3263 verhis
568 3199 664 3264 3th
691 3199 732 3263 οὐ
755 3199 992 3278 νομοφύλακες,
1021 3209 1055 3262 ut
1077 3191 1180 3281 paucis
1207 3209 1368 3281 repetatur

213 3308 364 3388 neglectae
384 3311 619 3370 circumcisionis
639 3310 823 3389 vituperatio.
860 3309 964 3369 Restat
982 3315 1081 3368 autem
1095 3306 1200 3368 luhani
1214 3311 1368 3370 sententia

214 3434 230 3474 a
249 3414 356 3496 Cprillo
376 3417 466 3477 relata
485 3435 513 3496 p.
529 3412 627 3478 3511]
646 3416 813 3497 iudicantis,
832 3414 980 3495 quomodo
999 3413 1188 3475 defenderint
1201 3413 1368 3478 Christiani

214 3540 368 3583 sacrorum
387 3524 610 3604 neglegentiam.
649 3523 730 3594 Quae
750 3525 860 3602 optime
880 3521 1051 3601 adiungitur
1072 3521 1110 3580 iis
1128 3519 1234 3581 Iuliani
1253 3522 1367 3606 rerhis,

214 3628 323 3708 quihus
347 3629 383 3690 de
407 3628 539 3689 hhrahae
568 3631 629 3709 egit
652 3629 699 3690 dei
723 3628 819 3710 cultu3
848 3627 1023 3689 statuendus
1046 3628 1126 3688 euim
1148 3635 1195 3688 est
1216 3646 1255 3688 ex
1279 3629 1367 3691 Chri-

214 3738 317 3798 stianis
345 3738 538 3816 quaesivisse,
570 3755 625 3797 eur
657 3754 716 3796 nou
744 3735 849 3796 eodem
876 3734 963 3795 modo
996 3752 1079 3794 sacra
1107 3735 1240 3796 facerent
1272 3746 1366 3817 atquc

213 3842 368 3904 hhraham.
406 3843 546 3904 Servasse
575 3853 675 3904 autem
698 3842 838 3922 Cyrillum
866 3845 929 3922 ipsa
952 3840 1058 3902 luliaui
1081 3839 1210 3902 verhaa
1238 3843 1366 3905 vocibus

213 3948 372 4027 πρόφαςις
395 3947 469 4027 ὑμῖν
491 3958 559 4030 post
581 3947 632 4011 καί
656 3967 751 4026 φηςιν
772 3945 822 4011 ὅτι
844 3950 951 4029 positis
972 3948 1042 4010 iude
1065 3948 1257 4031 intellegitur,
1281 3953 1366 4030 q'uod

213 4059 355 4119 traditum
383 4067 429 4118 est
456 4054 542 4134 ὑμῖν,
571 4075 630 4117 nou
656 4055 738 4133 ἡμῖν.
780 4057 840 4117 lam
869 4076 939 4118 vero
966 4075 1026 4117 non
1054 4054 1171 4138 dubito,
1203 4058 1277 4136 quin
1306 4058 1365 4120 hoc

213 4165 278 4225 loco
292 4162 463 4244 ponendum
483 4165 522 4224 sit
540 4164 739 4244 fragmentum
757 4162 862 4224 Iuliani
881 4171 1031 4224 seruatum
1048 4165 1080 4223 in
1099 4161 1200 4243 Cyrilli
1218 4175 1365 4246 excerpto

213 4291 242 4352 p.
257 4269 354 4333 3240
374 4270 452 4350 quod
473 4279 531 4332 est:
554 4269 728 4347 καταψέγει
752 4269 788 4331 δὲ
809 4264 864 4352 (sc.
883 4266 902 4330 ὁ
921 4265 1106 4351 Ἰουλιανὸς)
1125 4265 1224 4331 πάλιν
1243 4267 1365 4334 αὐτοὺς

214 4373 269 4460 (sc.
287 4377 363 4439 τοὺς
383 4372 568 4461 Ἰουδαίους)
587 4374 631 4439 ὡς
648 4379 716 4439 τῶν
734 4376 792 4453 μὲν
811 4372 921 4438 ἄλλων
936 4371 1089 4438 ἁπάντων
1108 4372 1365 4456 ἀπηρτημένους,

214 4480 406 4559 ἀλογώτατα
429 4484 465 4546 δὲ
488 4482 526 4546 τὸ
545 4482 633 4548 θύειν
651 4480 835 4560 ὀκνοῦντας,
854 4480 955 4546 καίτοι
978 4480 1074 4560 φηςὶν
1095 4480 1206 4546 Ἡλίου
1229 4483 1364 4549 τεθυκό·
