2926 5040
504 302 546 356 De
564 301 666 357 Iuliani
684 300 818 356 librorum
844 302 917 356 faiis.
1240 299 1282 364 39

131 478 163 531 et
190 472 255 531 eius
277 469 446 550 apographo
455 462 480 550 1)
509 469 573 529 cod.
596 468 685 530 Marc.
712 466 775 529 124
799 487 858 529 sec.
882 468 954 550 XV.3
988 471 1018 529 in
1047 466 1150 528 codice
1173 467 1282 527 Medio·

129 584 269 638 montano
286 572 373 637 1444
392 593 451 636 sec.
467 574 526 636 XV.
547 583 622 636 teste
640 575 780 636 Haenelio
797 570 936 657 (catalogi
950 575 1095 635 librorum
1111 593 1179 634 mss.
1196 569 1282 636 1830

128 705 157 764 p.
182 678 274 766 832);
302 701 399 761 neque
428 682 564 743 codicum
594 681 823 742 Scorialensium
851 682 936 742 aliam
965 700 1031 742 csse
1063 683 1209 742 rationem
1237 683 1281 742 in-

128 790 236 851 dicavit
262 789 408 850 Plueerus
437 783 537 869 (Febr.
561 788 631 850 bibl.
655 788 703 850 Gr.
723 783 778 848 lll4
800 808 828 868 p.
847 783 936 870 472).
988 789 1090 867 Neque
1124 788 1281 868 neglegen-

30 931 37 939 ·
130 880 201 960 dum
221 906 266 959 cst
288 899 320 958 in
341 897 443 957 codice
461 895 610 966 Marciano
631 893 694 956 122
714 914 789 956 saec.
809 894 883 958 XIV.
907 914 967 956 non
987 904 1118 956 servatos
1137 913 1203 956 csse
1223 898 1281 956 nisi

128 1005 221 1066 libros
246 1003 346 1065 l.—V.
389 1003 557 1064 Proiectam
581 1011 679 1064 autem
703 1003 870 1063 esse·hanc
893 1004 1133 1064 coniunctionem
1157 1002 1193 1062 ab
1217 1004 1282 1082 ipso

128 1111 238 1192 Cyrillo
262 1109 422 1172 verisimile
440 1110 513 1169 milri
542 1109 667 1170 ridetur.
708 1109 741 1170 ln
769 1110 828 1170 tine
852 1110 931 1169 enim
954 1109 1099 1169 librorum
1126 1111 1224 1188 quinti
1252 1117 1282 1169 et

125 1219 235 1279 decimi
263 1218 414 1279 invenitur
442 1215 584 1276 sollemne
618 1218 798 1295 precationis
827 1234 960 1296 carmen,
990 1218 1021 1276 in
1049 1217 1107 1276 fine
1135 1215 1280 1276 librorum

128 1322 210 1386 1.2.
234 1321 263 1385 3.
286 1320 316 1384 4.
341 1321 370 1384 6.
396 1322 424 1384 l.
448 1321 468 1384 9
493 1342 551 1383 non
575 1325 655 1384 item.
693 1323 796 1402 Neque
815 1342 850 1383 eo
874 1322 1065 1402 redarguitur
1089 1331 1190 1383 nostra
1214 1341 1279 1384 scn-

126 1432 229 1513 tentia,
252 1429 332 1509 quod
356 1431 443 1490 etiam
467 1437 564 1490 exstat
586 1432 617 1489 in
635 1430 694 1490 line
713 1429 781 1490 libri
801 1427 829 1491 8.
866 1429 941 1489 Nam
964 1428 1006 1490 ibi
1024 1432 1055 1490 in
1074 1429 1157 1489 Pauli
1181 1429 1279 1489 verbis

128 1535 149 1598 2
165 1535 230 1597 Cor.
245 1533 312 1619 4,4
330 1555 398 1598 cum
418 1538 587 1597 nominatus
606 1543 686 1596 esset
707 1535 853 1613 Christus,
872 1538 988 1596 occasio
1008 1536 1074 1596 data
1094 1545 1158 1597 erat
1176 1537 1279 1597 adiun-

129 1643 218 1722 gendi
241 1642 331 1703 verba
355 1638 411 1703 ‘br’
433 1639 473 1704 οὗ
497 1640 547 1703 καὶ
570 1637 642 1718 μεθ’
666 1639 773 1724 αὑτῷ
797 1645 861 1724 θεῷ
885 1640 936 1704 καὶ
959 1627 1055 1718 ’πατρὶ
1077 1639 1097 1718 ἡ
1122 1639 1200 1706 δόξα
1224 1641 1279 1705 cdv

125 1747 208 1831 ἁγίῳ
231 1747 385 1826 πνεύματι
409 1747 453 1810 εἰ(
476 1747 551 1811 τοὺ(
571 1746 698 1810 αἰῶνας.
727 1744 835 1825 ἀμήν’,
860 1768 934 1827 qrrac
958 1751 989 1809 in
1013 1748 1157 1810 librorum
1182 1752 1279 1828 quinti

124 1866 157 1918 et
184 1856 292 1918 decimi
318 1857 376 1916 fine
404 1863 523 1936 praesto
551 1874 610 1915 non
636 1863 707 1916 erat.
751 1855 816 1915 Huc
832 1856 959 1925 ,accedit
983 1856 1061 1934 quod
1089 1857 1205 1936 longior
1233 1865 1279 1918 est

125 1963 278 2024 conclusio
306 1963 452 2024 librorum
475 1958 496 2024 5
520 1971 550 2023 ct
575 1960 631 2044 10,
662 1980 736 2041 quae
763 1964 795 2023 in
823 1961 899 2022 libro
926 1959 967 2022 10
994 1964 1099 2043 incipit
1126 1984 1154 2044 p.
1178 1961 1277 2025 361Ε

124 2088 140 2129 a
170 2069 269 2130 verbis
297 2067 387 2145 ἡμεῖς
411 2067 447 2130 δὲ
471 2067 547 2129 τοὺ(
570 2065 646 2145 κτὲ.,
674 2070 705 2129 in
733 2068 809 2130 libro
829 2065 849 2129 5
872 2088 901 2148 p.
922 2066 1019 2130 181Ε
1043 2088 1060 2129 a
1083 2070 1181 2130 verbis
1204 2067 1278 2132 οὐκ·

123 2177 184 2238 οῦν
208 2174 235 2238 εἰ
257 2179 303 2258 τῷ
326 2173 388 2238 κτὲ.
427 2175 542 2247 Quibus
566 2178 748 2255 argumentis
772 2178 798 2236 si
822 2177 871 2235 cui
894 2175 1067 2254 persuaderi
1095 2195 1155 2237 non
1177 2185 1278 2256 potest

123 2283 161 2343 ab
188 2285 253 2363 ipso
277 2283 384 2369 Cyrillo
413 2283 489 2345 hanc
517 2282 662 2344 librorum
692 2283 866 2343 divisionem
895 2302 960 2343 esse
988 2285 1166 2363 prolectam:
1199 2302 1275 2345 anno

122 2399 205 2452 certe
235 2410 263 2470 p.
287 2391 317 2452 C.
341 2410 370 2452 n.
394 2389 460 2453 680
476 2410 554 2470 =eam
586 2393 642 2450 iam
675 2391 767 2450 luisse
796 2399 894 2469 potest
922 2389 1047 2451 ostendi.
1089 2390 1122 2451 ln
1151 2391 1276 2452 concilio

123 2499 203 2557 enim
227 2496 550 2578 Constantinopolitano
574 2498 622 2558 lll.
653 2500 768 2559 actione
793 2497 906 2558 decima
929 2497 976 2557 die
1001 2496 1102 2558 XVlll.
1130 2498 1227 2559 Martii
1251 2517 1275 2560 a.

124 2600 191 2665 680
214 2603 310 2665 habite
334 2606 492 2666 laudantur
515 2605 605 2666 verba
629 2603 785 2681 Κυρίλλου
813 2603 848 2666 ἐκ
871 2606 929 2666 τοῦ
953 2601 1034 2665 κατὰ
1057 2605 1123 2666 τῶν
1146 2600 1275 2667 Ἰουλια·

122 2711 182 2770 νοῦ
204 2707 373 2786 δογμάτων
398 2694 519 2790 βιβλίου
542 2708 650 2788 τρίτου
675 2707 740 2773 ἀπὸ
760 2708 859 2786 λόγου
884 2706 1077 2772 δωδεκάτου.
1111 2710 1153 2772 m.
1172 2712 1275 2796 Mami,

120 2835 161 2877 ss.
193 2818 297 2879 concil.
332 2837 406 2879 nova
439 2818 504 2879 coll.
532 2816 573 2877 Xl
606 2837 633 2896 p.
657 2815 770 2878 4091).
821 2817 875 2879 Cui
909 2819 1045 2878 divisioni
1083 2818 1275 2880 tribuendum
1311 2888 1313 2893 ,
1396 2802 1398 2807 ’

121 2925 186 2983 sine
210 2923 315 3006 dubio,
344 2925 422 3003 quod
446 2924 549 2985 decem
578 2923 660 3004 libri,
688 2923 717 2984 id
743 2933 789 2984 est
812 2924 887 2984 duae
911 2924 1054 3002 pentades
1078 2924 1113 2983 ad
1143 2932 1275 2985 nostram

123 3039 326 3110 pervenerunt
344 3040 483 3113 aetatem3
507 3033 677 3093 constitisse
697 3039 796 3092 autem
816 3029 917 3110 Cyrilli
935 3049 1010 3109 opus
1029 3031 1167 3110 pluribus
1190 3031 1274 3093 libris
1320 3027 1322 3033 ’

119 3136 167 3197 vel
189 3137 258 3198 inde
282 3139 424 3219 eflicitur,
454 3139 534 3217 quod
559 3138 650 3198 multa
673 3140 703 3198 in
727 3137 812 3197 libris
836 3138 960 3196 servatis
989 3156 1047 3196 non
1072 3140 1274 3220 inveniuntur,

119 3262 196 3323 qtrae
227 3244 377 3306 dicturum
411 3263 453 3329 se.
477 3262 542 3305 csse
576 3243 625 3303 ille
657 3246 848 3324 promiserat3
881 3243 964 3304 verbi
995 3247 1089 3322 gratia
1116 3265 1144 3325 p.
1165 3245 1273 3308 261u.

118 3349 245 3411 Exstant
273 3360 372 3412 autem
396 3353 484 3412 etiam
512 3351 604 3411 multa
629 3350 772 3410 librorum
798 3350 947 3411 undecimi
973 3369 1068 3429 usquc
1092 3353 1128 3412 ad
1152 3352 1273 3414 undevi-

119 3458 265 3518 cesimum
289 3458 460 3536 fragmenta.
498 3457 559 3517 lam
583 3476 652 3517 vero
682 3459 707 3517 si
731 3459 891 3536 quinorum
919 3456 1064 3517 librorum
1084 3461 1273 3520 meminimus

121 3565 353 3644 coniunctionis,
381 3563 504 3625 dubium
533 3583 598 3625 esse
627 3583 686 3625 non
720 3572 819 3644 potest
847 3567 918 3645 quin
947 3567 1052 3644 viginti
1080 3574 1161 3626 certe
1189 3566 1273 3627 libris

120 3671 292 3731 constiterit
315 3669 416 3749 Cyrilli
444 3690 528 3751 opus.
566 3670 651 3742 Quod
679 3679 778 3731 autem
807 3679 869 3731 tres
892 3672 997 3733 luliani
1020 3672 1113 3733 libros
1141 3675 1271 3736 refutare

118 3776 178 3838 sibi
197 3786 392 3856 proposuerat
416 3776 543 3857 Cyrillus
567 3785 596 3837 et
624 3777 702 3856 quod
731 3777 823 3839 libros
851 3781 981 3858 primum
1003 3799 1099 3857 usque
1128 3780 1163 3840 ad
1193 3780 1271 3842 dcci-

118 3901 202 3944 mum
230 3900 289 3943 nou
318 3885 457 3963 opposuit
484 3885 542 3943 nisi
574 3885 669 3961 primo
693 3883 916 3966 lulianilibro,
945 3887 1023 3964 quod
1052 3884 1179 3964 denique
1208 3889 1270 3947 veri

119 3988 216 4050 simile
245 3997 291 4050 est
318 3988 402 4049 libris
435 3971 592 4050 undecimo
621 4008 716 4068 usque
750 3989 784 4049 ad
815 3993 987 4052 vicesimum
1019 4010 1079 4051 non
1108 3993 1269 4053 relutatum

118 4114 186 4157 esse
214 4097 272 4156 nisi
299 4095 426 4157 alterum
457 4095 536 4157 illius
563 4096 687 4178 librum,
719 4098 749 4157 id
777 4099 856 4177 quod
888 4101 919 4159 in
947 4099 1039 4160 altero
1068 4100 1163 4178 capite
1197 4099 1270 4160 mihi

120 4237 337 4248 ..-..--...-

191 4340 217 4408 1)
236 4338 367 4394 codicem
387 4345 438 4393 124
456 4339 560 4394 codicis
581 4346 631 4395 123
655 4358 714 4396 esse
733 4343 926 4411 apographum
948 4340 978 4395 in
1001 4341 1085 4396 tertio
1105 4342 1197 4412 capite
1220 4342 1267 4398 de·

118 4428 283 4484 monstrabo
301 4427 337 4483 iis
355 4445 427 4497 quae
446 4427 578 4499 redargui
595 4447 651 4484 non
669 4447 750 4500 posse
770 4430 878 4485 confido
897 4430 1075 4504 argumentis.
