2926 5040
229 335 273 399 94
735 334 826 402 Caput
845 332 864 388 i.

229 506 316 564 etiam
341 522 392 563 eos
416 521 516 562 sacrae
539 503 704 581 scripturae
728 501 823 579 focos,
846 501 883 560 de
907 501 1016 579 quibus
1040 503 1097 580 ipsi
1120 500 1320 582 dissidebant,
1343 501 1383 562 de

229 609 337 688 quibus
351 611 495 668 acerrime
510 607 699 687 disputabant
713 607 881 668 Christiani.
909 607 960 669 dta
975 606 1140 668 offenderat
1154 609 1384 688 Amphilochius

228 720 260 777 in
278 716 388 776 Christi
412 715 509 776 verbis
528 715 696 791 rubricare
715 713 755 775 τὰ
768 696 956 791 ὑπάρχοὺτα
978 713 1030 775 καὶ
1048 711 1124 775 δότε
1141 717 1286 791 πτωχοῖς
1306 713 1385 796 κτὲ.;

228 842 317 903 quem
346 842 405 882 non
433 832 515 883 recte
544 821 716 902 offendisse,
745 822 796 882 sed
825 825 855 881 in
883 823 987 882 eodem
1016 841 1120 882 errore
1148 825 1261 883 versari
1291 831 1384 901 atque

230 931 374 990 iufiauum
397 939 560 1008 apostatam
579 932 715 1008 exposuit
734 929 859 989 Photius
877 939 991 1007 quaest.
1010 924 1238 1010 Amph.101.¹)
1267 928 1384 989 Eadem

228 1046 274 1096 est
293 1039 392 1097 resin
411 1040 584 1115 quaestione
607 1029 711 1114 109³)
739 1038 834 1114 Atque
854 1036 890 1095 ad
909 1035 1081 1114 disputandi
1102 1036 1234 1097 studium
1253 1039 1386 1097 accessit

228 1143 408 1223 excerpendi
435 1143 591 1203 industria.
633 1143 664 1202 Si
693 1145 792 1202 minus
826 1145 960 1221 triginta,
993 1153 1021 1203 at
1049 1153 1132 1203 certe
1159 1144 1264 1222 viginti
1297 1142 1386 1203 libris

228 1250 383 1310 constabat
413 1250 514 1329 cnuti
542 1253 642 1328 operis
670 1249 792 1310 lulianei
823 1250 971 1309 refutatio.
1017 1249 1103 1310 llaud
1132 1249 1218 1310 facile
1245 1252 1342 1329 igitur
1372 1268 1388 1308 a

230 1369 311 1418 recta
335 1361 379 1418 ria
399 1356 613 1435 aberrabimus,
636 1359 662 1416 si
681 1356 777 1416 Photii
801 1356 910 1416 iibrum
929 1366 1095 1417 statuemus
1118 1358 1210 1417 fuisse
1230 1355 1388 1434 Cyrihiani

229 1467 329 1543 operis
348 1466 508 1544 epitomen.
545 1463 630 1533 Quod
655 1465 680 1522 si
703 1465 870 1542 statuimus,
894 1481 1003 1541 negare
1027 1482 1088 1523 oon
1106 1465 1241 1542 cogimur
1266 1462 1304 1522 de
1330 1481 1388 1523 suo

233 1570 376 1648 quaedam
395 1569 534 1629 Photium
553 1568 705 1628 adiecisse.
739 1567 788 1628 Sic
807 1572 985 1648 vituperatio
1004 1588 1157 1631 sacrorum
1173 1568 1245 1629 Cain
1265 1578 1297 1629 et
1311 1568 1389 1628 Abel

230 1696 246 1736 a
271 1676 382 1736 iuliano
415 1676 490 1736 facta
522 1674 698 1754 reprobatur
721 1694 737 1734 a
760 1675 866 1735 Photio
895 1679 925 1735 in
954 1680 1127 1754 quaestione
1154 1673 1216 1737 109
1239 1695 1270 1755 p.
1284 1672 1389 1736 65οΒ

230 1784 266 1843 ad
296 1779 394 1843 doun
425 1778 485 1862 (ed.
516 1776 772 1864 Hergenroether)
805 1785 859 1861 ita,
892 1793 924 1843 ut
957 1787 1054 1844 omnia
1087 1803 1123 1844 ex
1157 1782 1259 1861 Cyrifli
1291 1799 1388 1860 opere

230 1909 258 1968 p.
273 1887 336 1950 347
348 1908 411 1967 sqq.
435 1892 494 1949 sint
517 1889 690 1968 deprompta
714 1898 832 1968 praeter
857 1909 905 1969 ea,
929 1909 1003 1968 quae
1028 1886 1126 1951 6501)
1148 1891 1388 1948 inveniuntura

230 1995 334 2055 Photio
359 1995 481 2055 adiecta.
518 1995 702 2073 Quamquam
726 1996 909 2056 refutaretur
927 2014 991 2056 mea
1016 1999 1162 2056 sententia
1186 2014 1244 2074 qua
1264 1993 1330 2055 dixi
1354 1997 1385 2055 in

231 2113 388 2182 augustum
413 2102 513 2181 Cyrilli
535 2102 628 2162 libros
651 2102 790 2162 Photium
814 2105 960 2181 coegisse,
983 2106 1009 2163 si
1031 2113 1094 2164 tota
1118 2105 1254 2182 quaestio
1276 2101 1388 2180 Amph.

233 2207 292 2270 101
318 2229 355 2269 ex
377 2210 556 2269 refutatione
583 2208 729 2268 librorum
753 2208 858 2268 Iuliani
881 2219 962 2269 esset
985 2208 1168 2289 deprompta.
1206 2209 1290 2279 Quae
1316 2226 1388 2268 cum

231 2318 262 2376 in
285 2316 413 2376 editione
433 2315 579 2394 bligniana
602 2317 770 2375 inveniatur
793 2333 808 2373 a
832 2334 859 2394 p.
875 2312 974 2375 6161}
997 2315 1033 2374 ad
1053 2312 1165 2376 633132
1188 2315 1387 2376 statuendum

231 2423 299 2482 inde
314 2431 393 2482 esset
408 2425 605 2501 copiosiorem
619 2440 656 2481 ue
672 2421 773 2500 Cyriiii
787 2421 907 2500 quidem
922 2422 1014 2481 fuisse
1028 2420 1242 2482 defensionem.
1272 2420 1388 2483 Verum

231 2531 382 2589 enimvero
407 2528 479 2588 haec
503 2537 574 2588 sunt
596 2528 693 2588 Photii
718 2528 806 2588 verba
829 2548 857 2607 p.
872 2525 985 2589 otti:
1008 2525 1029 2588 ἃ
1048 2531 1129 2602 γοῦν
1152 2527 1189 2590 ἐν
1206 2529 1278 2588 τοῑ(
1303 2525 1388 2604 πρὸ(

232 2634 357 2696 ἐκεῖνον
385 2631 442 2712 (sc.
466 2629 654 2714 bonifontis)
683 2631 776 2695 εἶπον
804 2633 855 2695 καὶ
883 2629 930 2695 ὧν
956 2633 976 2709 ἡ
1006 2636 1109 2712 μνήμη
1136 2635 1196 2710 τὴν
1224 2631 1388 2710 (ωτηρίαν

232 2740 307 2817 ἔχει,
326 2743 423 2802 τοῦτο
442 2740 481 2815 δή
502 2758 548 2801 cot
568 2737 768 2817 ἀναγράφων
786 2738 848 2801 κτὲ.
880 2740 960 2820 Ergo
979 2743 1187 2803 refutationem
1206 2760 1295 2802 suam
1310 2741 1389 2801 Pho-

233 2852 292 2909 tius
310 2849 365 2908 hoc
385 2848 451 2907 foco
469 2865 529 2906 uon
548 2851 715 2927 exscripsit,
737 2848 790 2908 sed
809 2867 860 2907 eas
879 2866 929 2907 res
946 2848 1055 2909 litteris
1073 2849 1232 2929 mandavit,
1253 2866 1388 2927 quarum

232 2955 374 3015 scribenti
397 2956 428 3014 in
452 2965 581 3014 mentem
602 2957 693 3035 renit3
717 2957 775 3014 uisi
794 2955 885 3035 forte,
908 2975 976 3016 cum
999 2957 1030 3015 in
1044 2954 1259 3033 Amphilochiis
1278 2974 1388 3016 omnes

232 3064 420 3140 quaestiones
445 3060 594 3121 uberrime
618 3070 648 3121 et
671 3062 795 3122 verbose
819 3070 974 3142 tractaret,
1001 3065 1099 3141 ipsum
1123 3060 1225 3140 Cyrilfi
1247 3062 1389 3123 adhibuit

232 3187 315 3248 opus.
352 3168 437 3239 Quod
462 3169 595 3228 evolvere
619 3171 676 3228 iam
696 3168 832 3248 debebat,
854 3178 887 3229 ut
909 3168 945 3229 ad
969 3170 1103 3229 notitiam
1128 3170 1244 3229 veniret
1262 3178 1386 3230 seuten-

231 3277 340 3335 tiarum
359 3275 472 3335 iuliani.
504 3275 665 3335 Abicieuda
684 3278 763 3335 euim
783 3284 828 3336 est
847 3276 1017 3355 Oeconomi,
1036 3279 1088 3354 qui
1109 3294 1134 3336 a.
1151 3272 1237 3337 1858
1256 3276 1387 3338 Athenis

233 3392 347 3460 quaest.
362 3381 466 3461 Amph.
485 3381 586 3460 edidit,
605 3376 784 3464 sententia³)
804 3386 953 3444 censentis
973 3387 1061 3443 etiam
1080 3383 1177 3443 Photii
1195 3383 1388 3462 temporibus

232 3491 410 3567 superstites
433 3488 524 3547 fnisse
543 3487 649 3547 luiiani
672 3488 778 3568 fibros;
800 3489 828 3549 id
854 3490 933 3567 quod
956 3508 1118 3568 numquam
1141 3489 1337 3568 coniecisset,
1361 3493 1387 3550 si

233 3612 347 3653 memor
370 3593 476 3653 fuisset
495 3593 654 3654 verborum
677 3594 795 3655 loannis
814 3595 1016 3674 Chrysostomi
1039 3599 1098 3656 iam
1117 3598 1236 3675 saepius
1260 3597 1388 3657 anobis

232 3701 397 3760 allatorum.
434 3700 584 3761 hahemus
607 3710 706 3761 autem
730 3710 915 3781 compertum
935 3702 1085 3781 Cyrilfiani
1107 3705 1207 3782 operis
1230 3705 1389 3783 exemplar

233 3818 382 3869 servatum
411 3825 476 3867 esse
506 3809 537 3867 iu
566 3807 742 3868 bibliotheca
768 3808 947 3887 patriarchei
975 3807 1305 3888 Constantinopolitani.
1344 3811 1388 3873 Cf.

233 3924 365 3975 extrema
392 3912 482 3973 rerba
515 3914 670 3992 fragmenti
699 3913 848 3975 undecimi
876 3914 1038 3993 Cyritfiani,
1071 3915 1150 3994 quod
1177 3924 1278 3987 exstat
1306 3919 1387 3997 apud

233 4020 392 4099 hiensium,
421 4038 495 4081 sacr.
519 4039 601 4080 cone.
626 4039 700 4080 nova
724 4020 788 4080 coti.
812 4020 860 4080 XI.
884 4041 911 4101 p.
926 4017 1032 4082 4091)
1046 4041 1110 4101 sqq.
1158 4022 1216 4082 lam
1246 4042 1320 4084 vero
1350 4025 1388 4085 de
