2926 5040
150 344 190 407 18
659 344 749 414 Caput
767 347 788 400 1.

148 509 253 571 Iuliani
276 510 352 571 libri.
390 505 489 582 Quid?
512 511 591 590 quod
615 513 678 590 ipse
701 509 832 571 lulianus
850 531 878 591 p.
898 508 1001 572 218Α
1025 512 1182 588 profitetur
1206 530 1298 591 pecu·

148 617 261 679 liariter
281 637 311 678 se
332 627 467 679 acturum
483 638 548 679 esso
564 618 599 678 de
620 617 838 696 evangeliorum
857 615 1018 697 prodigiis?
1042 618 1070 678 id
1091 618 1170 697 qnod
1190 619 1300 680 fecisse

149 744 217 786 eum
241 725 332 786 altero
357 727 456 804 operis
484 728 530 786 sui
557 724 633 785 libro
658 727 786 786 efficitur
812 744 847 785 ex
872 745 899 805 p.
920 722 1039 806 26111,
1064 724 1115 785 uhi
1137 729 1168 785 in
1189 725 1302 786 Christi

148 830 362 912 genealogiam,
384 835 415 892 in
439 851 497 912 qua
521 832 677 893 reserenda
701 832 839 893 differant
863 832 1027 893 Matthaeus
1051 840 1082 893 et
1104 832 1209 915 Lucas,
1233 834 1299 893 dili-

147 947 251 1018 genter
279 957 311 999 se
335 940 549 1018 inquisiturum
572 933 644 1000 'esse
668 939 740 1000 dicit
767 942 798 999 in
827 939 918 1000 altero
947 939 1031 999 libro.
1072 939 1174 1000 Tertio
1199 948 1301 1000 autem

147 1046 305 1106 verisimile
334 1064 399 1106 esse
428 1048 457 1105 in
487 1065 610 1107 examen
639 1065 706 1107 eum
731 1065 855 1108 vocasse
892 1045 1004 1126 reliqua
1033 1049 1101 1106 novi
1129 1048 1302 1107 testamenti

147 1155 257 1233 scripta
281 1155 313 1213 in
342 1152 434 1214 altero
457 1153 690 1233 prolegomenon
719 1156 813 1233 capite
843 1171 1034 1232 exponemus.
1076 1152 1160 1213 Haud
1189 1153 1301 1213 absona

146 1261 237 1338 igitur
266 1259 471 1321 videturesse
496 1263 665 1322 coniectura
696 1269 840 1321 servatam
864 1279 930 1321 esse
959 1262 990 1320 in
1013 1260 1132 1320 Macarii
1155 1259 1301 1339 Magnetis

148 1368 308 1444 apocritico
328 1384 462 1444 magnam
481 1366 603 1428 alterius
627 1375 657 1427 et
680 1369 760 1427 tertii
784 1367 927 1428 librorum
951 1367 1151 1427 lulianeorum
1174 1375 1301 1447 partem,

147 1481 177 1533 ct
204 1472 326 1534 alterius
355 1475 458 1555 finem,
486 1477 567 1534 tertii
595 1476 712 1535 initium
739 1477 770 1535 in
799 1475 896 1535 medio
928 1474 1004 1534 libro
1033 1476 1121 1534 tertio
1147 1476 1301 1553 apocritici
1332 1522 1335 1527 .

149 1582 288 1661 inveniri,
311 1579 362 1641 uhi
387 1588 504 1641 exstant
527 1581 615 1641 verba
636 1578 746 1656 ἑτέρα(
765 1578 947 1642 ὑποθέεεω(
971 1577 1052 1656 ἀρχὴ
1074 1578 1109 1641 ἐκ
1127 1581 1194 1642 τῶν
1216 1577 1300 1656 πρά-

147 1689 229 1750 ξεων
256 1684 307 1748 καὶ
335 1689 392 1748 τοῦ
425 1683 615 1748 ἀποετόλου.
662 1686 771 1748 Blanda
799 1691 970 1749 coniectura
999 1721 1041 1731 —-
1073 1706 1170 1766 neque
1204 1696 1305 1747 tamen

146 1793 326 1873 accipienda.
364 1794 454 1854 Multa
474 1796 551 1855 enim
577 1797 698 1856 suntin
723 1795 891 1874 philosophi
915 1796 1087 1873 fragmentis
1112 1812 1187 1873 quae
1211 1812 1226 1853 a
1250 1794 1299 1855 lu-

146 1899 223 1960 liano
248 1910 298 1963 aut
317 1900 374 1962 dici
395 1920 454 1961 non
473 1904 626 1981 potuerint
645 1910 695 1962 aut
714 1901 791 1962 dicta
810 1921 870 1962 non
892 1920 958 1962 esse
978 1903 1072 1981 possit
1090 1900 1299 1962 demonstrari.

146 2007 207 2066 lam
230 2009 348 2068 initium
372 2009 513 2068 faciamus
537 2007 573 2068 ab
599 2010 636 2068 iis
660 2007 763 2088 rebus,
791 2027 865 2086 quae
895 2009 1019 2067 minoris
1047 2010 1187 2068 momenti
1218 2017 1299 2068 sunt.

146 2114 223 2174 Dicit
256 2115 449 2194 philosophus
478 2135 506 2194 p.
535 2111 591 2196 23,
618 2112 657 2174 16
677 2134 754 2195 sqq.;
786 2111 861 2195 162,
885 2114 905 2175 6
925 2133 988 2193 sqq.
1021 2114 1057 2175 de
1089 2113 1301 2174 innumerabili

146 2219 381 2282 Christianorum
407 2220 595 2283 multitudine
620 2220 688 2280 fidei
712 2240 799 2281 causa
824 2221 858 2280 ad
883 2231 1008 2281 mortem
1033 2220 1135 2302 ducta3
1164 2220 1194 2281 id
1219 2222 1300 2300 quod

146 2328 251 2388 melius
275 2327 385 2388 dixisse
404 2327 601 2407 Porphyrium
628 2328 672 2387 vel
691 2327 871 2407 Hieroclem,
896 2330 946 2406 qui
969 2327 1061 2388 libros
1081 2347 1151 2388 suos
1171 2330 1299 2407 scripse·

146 2443 216 2495 runt
239 2434 309 2494 dum
333 2442 557 2513 persequuntur
575 2433 771 2515 ChristianoS,
796 2453 883 2514 quam
907 2434 1053 2495 lulianum
1077 2437 1300 2516 imperatorem,

146 2560 234 2620 quem
258 2549 374 2601 constat
396 2542 454 2600 vim
478 2543 509 2600 in
531 2541 598 2601 illos
622 2559 681 2600 non
704 2541 887 2621 adhibuisse,
915 2544 1121 2623 unusquisque
1146 2544 1201 2605 sibi
1230 2563 1299 2623 per-

145 2648 289 2709 suadebit.
331 2648 440 2725 Pagina
463 2655 562 2708 autem
586 2644 705 2729 57,16
738 2648 905 2728 philosophi
932 2652 1125 2710 inveniuntur
1148 2650 1236 2710 verba
1262 2648 1301 2711 ἐν

145 2750 280 2834 Ἰουδαίᾳ
303 2758 358 2835 γῇ,
387 2773 455 2814 cum
477 2753 608 2815 lulianus
633 2773 750 2834 semper
774 2755 852 2816 dicat
879 2754 898 2832 ἡ
923 2751 1059 2817 Ἰουδαία
1083 2766 1133 2817 aut
1156 2759 1195 2832 γῆ
1220 2751 1298 2818 Ἰου-

146 2858 232 2938 δαία,
256 2857 391 2923 Ἰουδαία
417 2864 457 2937 γῆ
482 2880 541 2921 non
569 2864 648 2922 item.
687 2856 787 2932 Quid?
817 2863 895 2941 quod
925 2882 993 2923 cum
1022 2881 1058 2923 ne
1088 2883 1154 2943 uno
1176 2865 1299 2943 quidem

145 2968 209 3028 loco
230 2967 465 3030 Christianorum
489 2971 607 3028 nomine
631 2976 732 3029 utatur
751 2969 891 3050 lulianuS,
915 2988 990 3048 quos
1014 2988 1132 3050 semper
1152 2970 1299 3032 Galilaeos

145 3084 238 3151 vocet,
261 3077 291 3136 in
314 3075 482 3156 philosophi
512 3076 683 3154 fragmentis
708 3075 904 3137 Galilaeorum
928 3096 988 3136 non
1018 3078 1050 3137 fit
1074 3080 1198 3158 mentio,
1222 3080 1298 3156 quin

146 3184 232 3268 etiam
261 3202 288 3261 p.
318 3179 396 3264 201,
424 3178 445 3243 5
478 3190 680 3242 memorantur
711 3178 942 3264 ltprcrruuoil¹l
990 3183 1169 3244 Gravissima
1198 3192 1301 3244 autem

144 3298 317 3369 argumenta
341 3308 375 3349 co
400 3297 470 3349 sunt
493 3288 666 3369 repetenda,
695 3289 773 3367 quod
797 3289 874 3368 apud
900 3289 972 3351 alios
991 3292 1154 3370 scriptores
1177 3298 1301 3351 exstant

145 3395 249 3456 luliani
273 3394 417 3455 librorum
442 3396 619 3476 fragmenta,
643 3395 751 3474 quihus
775 3397 811 3456 de
835 3397 939 3457 iisdem
964 3397 1054 3457 rebus
1078 3405 1181 3476 agatur
1208 3405 1299 3476 atque

146 3502 314 3582 philosophi
338 3502 514 3581 quibusdam
538 3502 625 3583 locis,
654 3501 706 3562 sed
730 3505 785 3583 ita,
815 3511 848 3562 ut
871 3512 921 3563 aut
945 3504 1115 3582 proteratur
1139 3505 1299 3584 sententia,

146 3627 220 3689 quae
249 3609 423 3688 philosopho
452 3615 610 3690 repugnet,
647 3618 696 3670 aut
725 3609 826 3669 eadem
856 3611 1003 3670 sententia
1033 3610 1097 3670 aliis
1130 3609 1229 3670 verbis
1257 3613 1299 3671 sit

147 3718 318 3795 consignata
342 3722 431 3794 atque
456 3735 490 3775 eo
515 3715 610 3796 modo,
634 3723 667 3776 ut
692 3733 750 3785 nnn
774 3714 852 3774 idem
877 3733 941 3775 esse
961 3714 1065 3777 luliani
1089 3725 1177 3795 atque
1200 3716 1298 3796 philo-

145 3823 231 3902 sophi
265 3824 462 3902 lragmentum
495 3823 581 3902 plane
610 3830 748 3901 appareat
776 3840 873 3900 neque
904 3824 1037 3902 potuisse
1065 3823 1210 3884 lulianum
1238 3823 1298 3884 alio

145 3930 209 3990 loco
239 3930 275 3990 de
299 3929 403 3989 eodem
428 3932 593 4009 scripturae
624 3948 711 3989 versu
741 3932 781 3989 ita
805 3946 905 4011 agere,
933 3938 966 3990 ut
989 3931 1057 3990 inde
1086 3930 1298 4010 depromptum

145 4055 211 4096 esse
235 4036 387 4097 videretur
410 4035 578 4116 philosophi
602 4037 759 4096 Macariani
783 4037 989 4114 fragmentum.
1026 4036 1091 4095 Non
1111 4036 1177 4096 dico
1200 4036 1297 4116 philo-

217 4212 244 4277 1)
268 4209 367 4262 Hiatus
391 4225 500 4277 quoque
526 4206 651 4262 evitandi
675 4207 760 4260 etiam
781 4208 931 4262 studiosior
949 4207 1056 4263 Iuliano
1080 4207 1165 4261 fuisse
1185 4207 1299 4262 videtur

146 4297 328 4366 philosophus
351 4295 535 4352 Macarianns.
574 4295 635 4360 Qua
660 4298 754 4349 tamen
778 4313 793 4350 e
821 4295 983 4351 diversitate
1007 4313 1074 4350 cave
1098 4298 1298 4366 argumentum

145 4389 233 4456 petas.
262 4385 335 4440 Nam
354 4404 417 4440 cum
432 4385 491 4455 ipse
506 4385 644 4440 Macarius
663 4385 785 4440 severior
799 4387 872 4440 esset
889 4387 918 4439 in
936 4386 1016 4440 hiatu
1031 4386 1219 4454 admittendo,
1235 4386 1299 4441 lieri

145 4475 249 4546 potuit,
270 4478 302 4530 ut
320 4475 404 4530 etiam
424 4474 586 4545 philosophi
604 4475 690 4530 verba
709 4474 903 4530 consuetudini
922 4493 987 4531 suae
1007 4475 1239 4530 accommodaret.
