2926 5040
145 304 189 368 24
659 302 749 374 Caput
767 303 788 357 I.

145 471 323 532 substantivi
351 489 419 530 otim
447 469 571 530 articulo
599 473 654 547 τῆ(
683 470 893 550 coniungendi3
927 470 979 530 sed
1008 467 1207 548 supplendum
1237 470 1304 529 sine

147 578 237 640 dubio
261 578 446 653 (υγγραφῆ(
475 576 577 637 eodem
607 577 708 658 modo,
737 596 795 660 quo
823 579 852 636 in
877 576 976 636 verbis
1000 579 1103 655 quinto
1133 575 1303 654 fragmento

148 687 318 766 praemissis
342 682 377 745 ἐκ
405 686 460 760 τῆ(
489 682 570 759 πρὸ(
593 676 809 765 ἸουλίανονᾸ)
857 679 957 754 Quid?
985 682 1064 762 quod
1093 683 1159 743 lieri
1192 690 1305 762 potest,

148 801 182 853 ut
210 810 269 852 non
296 798 378 850 recte
406 789 512 869 legerit
540 789 713 850 lluenterus
742 789 820 868 quod
851 791 881 849 in
910 789 1011 849 codice
1041 791 1186 868 scriptum
1215 785 1305 849 erat?

148 898 346 959 Inveniuntur
370 899 449 956 enim
472 895 560 956 verba
585 896 658 957 haec
686 899 716 956 in
740 895 847 956 Leonis
870 896 967 957 Allatii
996 895 1120 957 diatriba
1144 897 1181 957 de
1205 895 1305 956 Theo·

148 1006 229 1066 doris
259 1000 345 1087 (ilai,
373 1022 447 1064 nova
476 1010 592 1082 patrum
621 1002 753 1065 biblioth.
777 1003 815 1063 Vl
841 1023 868 1082 p.
888 998 958 1086 3o):
994 1003 1167 1086 „Adversus
1195 1001 1307 1076 Iuliani

150 1120 298 1193 apostatae
332 1112 493 1172 calumnias
526 1113 556 1170 in
590 1110 786 1192 ChristianoS‚
819 1111 955 1172 laudatur
988 1113 1018 1170 in
1051 1118 1155 1170 catena
1190 1109 1307 1172 Graeca

151 1220 186 1280 ad
209 1218 334 1279 Lucam:
358 1215 532 1293 Θεοδώρου
552 1214 776 1292 Μοψουεσία(
800 1215 924 1279 ἐκτῶν
948 1215 1029 1293 πρὸ(
1046 1214 1104 1277 τὰ(
1128 1214 1209 1278 κατὰ
1230 1215 1305 1294 Χρι-

151 1326 286 1387 (τιανῶν
306 1321 495 1400 κατηγορία(
514 1318 687 1415 Ἰουλιανοῦ
705 1325 764 1385 τοῦ
783 1321 979 1401 παραβάτου.
1017 1323 1061 1384 Ex
1081 1326 1307 1386 commentariis

151 1432 301 1492 Theodori
324 1431 527 1510 Mopsuesteni
550 1431 692 1492 adversus
715 1431 820 1492 luliaui
844 1432 1006 1492 desertoris
1025 1433 1250 1492 criminationes
1273 1433 1305 1491 in

152 1534 362 1600 Christianos“.
399 1539 440 1598 Ac
470 1548 550 1599 recle
579 1539 686 1617 legisse
710 1539 847 1600 illlatium
872 1541 934 1600 veri
965 1539 1059 1600 simile
1089 1539 1162 1599 mihi
1186 1539 1307 1602 videtur

152 1649 241 1707 etiam
260 1647 344 1706 aliam
365 1644 402 1705 ob
422 1647 609 1725 scripturam,
632 1647 662 1705 in
683 1665 741 1725 qua
760 1644 859 1707 differt
877 1645 1079 1728 alluenttr03
1098 1646 1307 1708 verisimilius

153 1755 231 1814 enim
256 1772 321 1814 csse
345 1755 376 1813 in
399 1754 500 1813 codice
524 1751 656 1813 ἐκτῶν
681 1772 769 1832 quam
796 1751 831 1814 ἑκ
854 1755 920 1829 τῆ(
943 1751 1024 1829 πρὸ(
1047 1751 1103 1814 τὰ(
1127 1747 1307 1830 καταχρι-

153 1860 288 1921 (τιανῶν
307 1856 498 1935 κατηγορία(
517 1861 661 1938 scriptum
677 1878 743 1920 esse
762 1861 830 1920 inde
850 1861 988 1940 eflicitur,
1008 1860 1086 1945 quod
1106 1860 1192 1920 alteri
1208 1860 1307 1920 Theo

153 1967 219 2027 dori
246 1967 411 2046 fragmento
439 1968 671 2046 praemittuntur
698 1967 786 2027 verba
814 1965 880 2028 Τοῦ
909 1963 1009 2028 αὐτοῦ
1037 1965 1161 2029 ἐκτῶν
1186 1963 1306 2028 αὐτῶν.

153 2074 196 2133 Εο
216 2075 307 2151 igitur
326 2072 426 2153 modo,
449 2091 508 2151 quo
526 2072 699 2133 Mucnterus
719 2076 840 2152 putavit,
864 2092 922 2133 non
942 2076 1105 2154 inscriptus
1127 2073 1309 2135 e1·atThco-

154 2182 219 2242 dori
234 2187 337 2241 contra
355 2179 501 2240 lulianum
515 2179 599 2240 liber.
639 2179 733 2250 Quem
751 2183 870 2240 omnino
891 2200 950 2240 uon
965 2183 1114 2241 exstitisse
1130 2178 1310 2242 ostendebat

154 2288 223 2349 Otto
252 2285 420 2360 Fridolinus
448 2284 599 2347 Fritzsche
633 2289 683 2365 qui
717 2287 752 2347 de
781 2287 930 2347 Theodori
958 2287 1160 2367 Mopsuesteni
1188 2290 1248 2348 vita
1277 2298 1310 2349 et

155 2397 275 2474 scriptis
305 2395 582 2454 commentationem
606 2393 777 2453 historicam
807 2393 1000 2472 theologicam
1024 2393 1105 2454 Halis
1129 2413 1206 2454 anno
1231 2394 1259 2455 h.
1285 2409 1318 2455 s

156 2498 198 2562 36
223 2499 334 2580 publici
359 2500 432 2557 iuris
457 2492 567 2579 lecit.²)
610 2497 767 2559 Contendit
786 2506 885 2559 autem
905 2499 1086 2561 Fritzschius
1104 2520 1133 2580 p.
1149 2499 1190 2562 81
1213 2502 1310 2562 luisse

156 2626 189 2668 ca
205 2624 279 2684 quae
294 2604 467 2665 lluenterus
487 2604 647 2684 publicarit
667 2605 829 2684 fragmenta
848 2608 878 2665 in
894 2610 1115 2691 commentario,
1136 2626 1195 2687 quo
1210 2607 1311 2668 Theo-

156 2715 248 2774 dorus
272 2710 454 2790 evangelium
475 2711 571 2772 Lucae
595 2712 781 2773 illustrasset.
819 2713 851 2773 ld
876 2713 955 2792 quod
974 2715 1047 2775 mihi
1066 2734 1125 2774 non
1149 2716 1311 2794 persuasit.

156 2820 259 2899 Neque
288 2820 367 2878 enirn
395 2817 529 2896 probavit
556 2818 745 2879 Theodorum
778 2821 920 2899 peculiari
949 2840 1039 2900 opere
1073 2821 1219 2882 lulianum
1248 2840 1312 2882 non

157 2930 347 3006 impugnasse
377 2933 406 2985 et
433 2928 621 3004 gravissimae
653 2935 772 3006 accepta
801 2927 956 2988 Fritzschii
989 2932 1136 2990 sententia
1169 2931 1313 2990 oriuntur

158 3033 355 3094 dillicultates.
397 3032 591 3094 Levissimum
621 3036 699 3094 enim
729 3042 774 3095 est
808 3035 887 3113 quod
920 3035 992 3097 dicit
1024 3037 1213 3097 manifestum
1243 3055 1312 3098 esse

158 3139 246 3200 verba
267 3135 440 3214 Θεοδώρου
456 3133 680 3214 Μοψουεσία(
699 3137 818 3201 ἐκτῶν
837 3139 918 3216 πρὸ(
936 3139 992 3202 τὰ(
1012 3140 1092 3203 κατὰ
1114 3118 1314 3218 Χρί(τιανῶν

158 3243 349 3323 κατηγορία(
368 3241 541 3307 Ἰουλιανοῦ
563 3247 621 3307 τοῦ
641 3244 827 3324 παραβὰτοα
852 3267 911 3308 non
930 3252 1083 3310 continere
1103 3250 1222 3311 titulum
1241 3250 1314 3311 libri

160 3355 336 3434 Theodorei,
360 3354 411 3413 sed
432 3356 495 3414 eius
515 3372 580 3414 esse
601 3357 653 3433 qui
675 3355 723 3415 illa
743 3358 934 3434 excerpserit.
973 3356 1061 3418 Putat
1079 3359 1170 3437 igitur
1189 3359 1313 3419 linxisse

161 3469 366 3541 excerptorem
390 3480 423 3520 ea
448 3480 522 3540 quae
553 3463 687 3541 scripsit;
717 3461 747 3520 id
771 3462 849 3540 quod
873 3471 1004 3524 statuere
1028 3472 1161 3524 vetamur
1190 3473 1253 3525 arte
1277 3485 1315 3526 ac

159 3571 288 3649 ratione,
312 3570 369 3628 nisi
389 3587 493 3629 causae
514 3577 631 3656 exstant
650 3572 847 3648 gravissimae.
878 3569 1090 3632 Gravissimum
1108 3580 1208 3632 autem
1228 3579 1313 3633 certe

160 3695 219 3736 non
240 3684 294 3757 cst,
318 3675 397 3754 quod
416 3676 598 3737 Fritzschius
619 3675 711 3758 „illud
731 3671 839 3736 etlam“
860 3679 957 3755 inquit
974 3678 1140 3760 „Muenteri
1159 3682 1313 3740 coniectu·

160 3802 223 3844 ram
247 3783 434 3862 aliquatenus
458 3784 605 3866 infringit,
634 3783 712 3863 quod
736 3783 784 3842 illa
808 3785 969 3862 fragmenta
998 3788 1028 3845 in
1053 3795 1156 3847 catena
1180 3786 1314 3847 exhibita

160 3900 230 3952 sunt
245 3899 333 3969 atque
353 3892 383 3950 in
402 3892 440 3950 iis
454 3891 526 3969 ipsis
545 3892 632 3950 istius
651 3868 816 3950 modi'lihri
834 3890 947 3974 nullum
967 3892 1108 3952 indicium
1124 3888 1195 3954 est“.
1232 3893 1314 3955 Num

160 4000 251 4078 igitur
266 4016 369 4058 omnes
388 3996 480 4058 lihros
496 3999 644 4058 exstitisse
664 3996 830 4077 negandum
850 4005 904 4077 est,
923 4017 1050 4076 quorum
1070 4002 1175 4060 inuno
1195 4009 1313 4062 tantum

233 4263 260 4329 1)
280 4260 375 4316 Scribe
395 4261 550 4316 Ἰουλιανόν.

234 4355 260 4419 2)
288 4350 376 4405 Huius
405 4349 636 4407 commentationi
664 4350 752 4405 debeo
780 4349 912 4405 notitiam
938 4349 1138 4405 sententiarum
1164 4351 1315 4421 liuentem,

163 4439 240 4495 cuine
259 4439 361 4494 librum
380 4440 451 4494 mihi
470 4456 632 4509 comparare
651 4456 706 4493 non
724 4439 811 4510 potui.
