2926 5040
495 316 536 371 De
554 316 657 370 Iuliani
674 316 811 371 librorum
829 316 903 371 latis.
1189 385 1192 391 Α
1227 315 1269 378 29

117 482 298 543 Theodoreti
332 482 459 561 epistula
486 481 641 543 LXXXIII.
676 483 711 543 ad
740 482 915 543 Dioscorum
945 481 1173 541 Alexandrinum
1204 480 1272 540 data

117 583 203 670 (edit.
227 588 418 649 Schulziauae
437 589 474 648 IV
495 587 581 650 1146
596 584 670 672 sq),
693 592 723 650 in
748 607 805 668 qua
830 589 902 649 haec
925 591 1131 649 Inveniuntur:
1156 586 1188 650 ἓξ
1212 586 1270 663 μὲν

117 693 179 772 γὰρ
209 692 263 771 ἔτη
292 695 453 756 διετέλεεοι
483 693 639 757 διδάεκων
669 694 722 757 ἐπὶ
752 698 810 757 τοῦ
839 697 894 771 τῆ(
921 692 1074 771 μακαρία(
1103 693 1154 755 καὶ
1183 690 1271 755 ocio(

117 802 239 879 μνήμη(
264 796 462 886 Θεοδότουῑ)
486 799 677 879 Ἀντιοχέων
699 800 872 864 ἐπιεκόπου
895 836 932 844 -
958 795 1155 878 τριεκυίδεκοι
1173 798 1271 862 πάλιν

117 909 213 986 ἕτερα
237 908 289 971 ἐπὶ
307 912 366 971 τοῦ
378 909 544 995 ,μακαρίου
563 907 713 972 Ἰωάννου
721 904 746 994 ²)
767 944 808 953 -
833 908 914 985 πρὸ(
933 908 968 971 δὲ
987 908 1113 970 codrot<
1132 906 1270 986 ἕβδομόν

117 1015 202 1078 ἑετιν
221 1013 293 1078 drot
312 1019 370 1078 τοῦ
389 1014 640 1093 θεοφιλεετάτου
660 1014 908 1094 ἀμχιεπιεκόπου
928 1014 1071 1092 Δόμνου.
1106 1014 1157 1076 καὶ
1180 1015 1270 1091 μέχρι

116 1126 174 1199 τῆ(
198 1124 333 1201 τήμερον
352 1122 470 1199 ἡμέρα(
493 1123 648 1185 τοεούτου
670 1121 890 1200 παρελθόντο(
914 1120 1034 1199 χρόνου
1053 1119 1115 1184 κτὲ.
1155 1123 1270 1202 ScrIpta

118 1240 219 1291 autem
247 1234 286 1292 sit
317 1250 438 1291 necesse
468 1240 514 1292 est
542 1241 609 1291 ante
639 1232 784 1311 synodum
813 1231 1166 1309 Constantiuopolitanam
1197 1248 1271 1310 eam,

120 1356 197 1416 quae
225 1341 344 1398 initium
372 1341 451 1418 cepit
474 1357 498 1398 a.
522 1339 549 1399 d.
573 1338 619 1398 Vl.
643 1339 683 1400 ld.
707 1339 779 1398 Nov.
803 1357 827 1399 a.
851 1335 925 1398 448.
967 1337 1041 1397 Nam
1064 1340 1089 1396 si
1113 1339 1180 1416 quis
1202 1356 1269 1416 per·

119 1444 226 1523 legerit
249 1446 415 1527 epistulam,
441 1447 549 1506 infitias
572 1443 633 1506 nori
656 1445 710 1506 ibit
733 1447 797 1506 fieri
822 1464 880 1506 non
904 1447 1046 1524 potuisse,
1070 1448 1141 1523 quin
1166 1446 1269 1524 synodi

120 1555 301 1614 mentionem
329 1557 360 1614 iu
389 1573 423 1614 ea
451 1554 562 1614 laceret
589 1552 809 1632 Theodoreus,
838 1555 863 1612 si
891 1553 967 1613 lacta
995 1561 1067 1612 tuuc
1095 1554 1152 1611 iam
1181 1561 1269 1632 esset,

121 1677 218 1738 neque
242 1663 366 1738 cogitari
389 1670 488 1740 potest
515 1669 618 1740 postea
647 1678 715 1719 eum
740 1659 873 1719 Dioscori
897 1661 1028 1719 anImum
1052 1658 1109 1718 sibi
1132 1660 1269 1719 offensio·

120 1784 185 1825 rem
217 1766 390 1845 recolligere
420 1767 578 1827 studuisse.
607 1801 650 1809 —
682 1767 785 1845 Neque
818 1785 889 1825 vero
922 1785 957 1825 ex
986 1765 1069 1825 blarii
1097 1764 1271 1826 Mercatoris

120 1873 247 1951 epistula
271 1892 288 1933 a
306 1873 469 1934 Fritzscbio
493 1873 577 1933 allata
601 1883 699 1953 potest
718 1873 855 1933 concludi
880 1881 1030 1933 mortuum
1050 1891 1114 1932 esse
1134 1873 1268 1934 Theodo-

120 1990 183 2040 tum
199 1980 415 2041 Antiochenam
434 1983 459 2041 si
479 1983 576 2040 minus
596 1980 651 2040 sub
671 1982 752 2040 exitu
771 1999 795 2039 a.
810 1977 885 2061 428,
905 1987 934 2039 at
953 1987 1034 2039 certe
1052 1981 1136 2039 initio
1156 1999 1180 2040 a.
1195 1977 1268 2040 429.

123 2085 180 2146 Ubi
204 2105 274 2147 sane
293 2088 457 2168 appellatur
475 2068 647 2148 Theodotus
671 2082 754 2167 (bibl.
775 2096 843 2148 vett.
867 2095 942 2167 patr.
962 2104 1033 2147 cura
1053 2086 1195 2148 Gallandii
1214 2087 1269 2148 vol.

120 2194 186 2254 VIII
212 2215 240 2274 p.
264 2193 330 2258 650
344 2192 383 2278 D)
417 2204 535 2255 sanctae
563 2197 722 2256 memoriae
751 2197 924 2274 episcopus3
956 2212 1052 2272 neque
1086 2212 1156 2253 vero
1189 2197 1270 2274 quic-

121 2319 209 2379 quam
232 2302 299 2363 inde
324 2303 420 2382 collIgi
440 2311 537 2382 potest
561 2304 618 2361 nisi
641 2302 733 2361 luisse
753 2311 824 2362 tunc
843 2301 988 2362 Theodoti
1007 2303 1112 2361 mortis
1132 2304 1269 2362 nuntium

120 2427 180 2468 nou
209 2411 456 2470 recentissimum.
493 2409 596 2488 Neque
626 2427 695 2468 vero
724 2411 882 2487 quicquam
910 2416 1027 2468 constat
1055 2402 1107 2489 (cf.
1137 2408 1269 2469 elusdem

121 2518 220 2594 operis
243 2536 270 2595 p.
295 2513 358 2577 648
374 2511 411 2600 C)
438 2517 474 2577 de
498 2515 583 2575 llarii
606 2515 779 2601 Ilercatoris
803 2517 1021 2575 commonitorii
1050 2524 1183 2594 tempore
1212 2518 1270 2575 nisi

120 2625 265 2702 scriptum
293 2642 360 2684 esse
383 2623 534 2684 Florentio
566 2630 596 2682 et
619 2622 758 2701 Dionysio
783 2641 872 2703 coss,
901 2625 952 2700 qui
979 2624 1113 2682 Inierunt
1136 2621 1269 2683 consula·

120 2739 184 2789 tum
207 2728 268 2789 Kal.
293 2730 352 2790 lan.
376 2749 400 2790 a.
424 2727 505 2811 4293
534 2749 569 2790 eo
598 2732 689 2808 igitur
712 2749 749 2791 ne
773 2728 967 2809 prohibemur
991 2728 1110 2808 quidem
1139 2738 1270 2790 statuere

121 2846 272 2898 mortuum
296 2856 360 2898 esse
380 2837 566 2898 Theodotum
585 2838 680 2916 pridie
699 2837 760 2897 llal.
780 2837 844 2897 Oct.
864 2857 888 2896 a.
903 2834 977 2906 429,
1006 2836 1181 2898 Theodorus
1201 2857 1270 2897 vero

120 2943 349 3022 Mopsuestenus
372 2953 439 3004 aute
463 2944 650 3005 Theodotum
679 2945 757 3005 diem
784 2945 956 3023 supremum
980 2944 1053 3004 obiit
1077 2952 1152 3004 teste
1176 2944 1271 3003 Tbeo·

121 3051 234 3110 doreto.
272 3050 331 3121 Qui
354 3051 473 3130 quidem
497 3050 524 3111 b.
549 3071 574 3111 e.
600 3051 623 3110 V
646 3049 690 3112 40
713 3070 740 3130 p.
765 3048 830 3111 494
853 3044 924 3111 κατ’
948 3049 1074 3112 ἐκεῖνον
1098 3049 1142 3126 δὲ,
1166 3053 1271 3130 iuquit,

120 3156 180 3217 τὸν
203 3154 336 3233 χρόνον,
360 3153 433 3219 καθ’
456 3156 495 3218 ὃν
518 3154 537 3216 ὁ
566 3159 652 3219 θεῑοε
677 3154 838 3218 Θεόδοτος
865 3156 924 3233 τὴν
949 3151 1139 3233 Ἀντιοχέων
1161 3153 1271 3219 ἴθυνεν

121 3260 495 3340 ἐκκληιίυν,’Θεόδωμοε
519 3260 537 3323 ὁ
562 3261 786 3339 Μοψουεετίαε
809 3261 993 3340 ἑπίεκοποε,
1017 3260 1116 3340 πάεηε
1140 3263 1198 3339 μὲν
1221 3262 1270 3325 ἐκ·

121 3367 248 3446 nlntio(
272 3367 459 3432 διδάεκαλο(
482 3368 563 3431 κατὰ
582 3368 682 3446 πάεηε
705 3370 740 3431 δὲ
760 3367 930 3446 φάλαγγο(
950 3368 1106 3447 αἱρετικῆε
1130 3355 1270 3447 depreceri-

121 3494 186 3553 ευε,
209 3479 268 3537 τοῦ
293 3473 361 3554 βίου
384 3476 422 3538 τὸ
445 3477 538 3538 τέλοε
562 3476 702 3540 ἐδέξατο.
741 3478 856 3549 Quibus
880 3497 896 3537 e
927 3478 1024 3538 verbis
1052 3478 1271 3557 proculdubio

121 3583 311 3643 efficiendum
344 3592 390 3644 est
423 3583 499 3644 baud
535 3587 573 3644 ita
606 3584 695 3645 breve
729 3586 821 3645 luisse
854 3593 972 3664 tempus
1005 3588 1083 3645 iuter
1116 3604 1272 3665 supremos

121 3689 271 3750 Theodori
295 3698 325 3750 et
347 3690 494 3751 Theodoti
518 3692 589 3752 dies.
627 3692 708 3763 Quae
733 3710 800 3752 curn
825 3695 864 3753 ita
888 3694 956 3774 siut,
980 3693 1009 3752 id
1034 3700 1115 3752 certe
1140 3700 1270 3751 statuere

120 3817 282 3878 possumus
306 3817 365 3858 nou
389 3800 419 3858 in
443 3806 575 3860 extrema
599 3809 683 3879 parte
707 3802 777 3861 anni
800 3802 954 3860 centesimi
984 3801 1079 3878 quinti
1102 3797 1270 3858 Theodore-

197 4011 223 4073 1)
242 4004 345 4060 Vocem
363 4010 414 4072 τῆς
431 4008 496 4075 post
512 4007 653 4060 Θεοδότου
672 4023 690 4060 a
709 4005 855 4062 Sismondo
875 4007 1014 4062 adiectam
1034 4004 1111 4062 eieci.

194 4098 222 4162 2)
244 4094 325 4164 vulg.
349 4096 393 4149 ἐπὶ
411 4101 463 4149 τοῦ
486 4100 538 4162 τήε
555 4096 631 4149 belec
654 4098 698 4149 καὶ
721 4096 854 4163 μακαρία(
873 4098 980 4163 μνήμη(
1000 4098 1128 4150 Ἰωάννου
1146 4100 1197 4149 τοῦ
1217 4096 1272 4148 ἐπι-

122 4186 236 4239 εκότιου.
274 4183 378 4253 Recepi
397 4184 501 4238 codicis
521 4184 710 4239 Sirmondiani
733 4184 912 4253 scripturam,
936 4184 1013 4238 cuius
1037 4183 1125 4238 etiam
1148 4201 1272 4252 eaquae

123 4276 281 4343 sequuntur
294 4273 380 4327 verba
394 4275 425 4327 ὃ(
438 4279 574 4327 τοιοῦτον
588 4274 691 4329 ἰαίνετο
705 4275 760 4327 ὑπὸ
776 4274 979 4338 διαλεγομένων
993 4276 1073 4339 ἡμῶν
1087 4271 1273 4342 praeferenda

122 4380 183 4417 esse
206 4364 344 4432 appareat
366 4362 498 4431 vulgatae
522 4361 675 4431 scripturae
698 4363 730 4416 δε
751 4367 886 4416 τοεοῡτον
909 4362 1046 4425 ἐγάννυτο
1065 4362 1126 4431 (sic)
1150 4365 1273 4427 διαλεγο·

122 4453 216 4518 μένων
234 4455 322 4518 ἡμῶν-
