2926 5040
616 1093 736 1189 Caput
758 1095 789 1168 Ἰ.

125 1243 174 1311 lle
201 1242 283 1311 latis
316 1241 479 1312 librorum
507 1242 634 1312 Iuliani
665 1242 882 1331 imperatoris
915 1245 1033 1312 contra
1066 1243 1274 1315 christianos

398 1363 404 1374 ’
593 1368 804 1457 scriptorum.

217 1543 362 1603 lulianum
373 1545 582 1622 imperatorem
595 1545 625 1603 in
637 1542 871 1603 Christianorum
883 1547 1120 1631 communionem
1130 1545 1276 1625 baptismo

125 1658 282 1730 receptum
302 1669 367 1710 esse
388 1653 500 1711 exstitit
519 1669 615 1730 nuper
634 1653 686 1730 qui
708 1651 830 1728 negaret
848 1651 987 1711 Alionsus
1003 1652 1135 1713 Mueche.
1169 1653 1226 1724 Qui
1245 1656 1275 1712 in

125 1759 202 1817 vitae
235 1757 342 1817 'luliani
379 1757 520 1819 fasciculo
549 1758 641 1818 altero
674 1778 702 1837 p.
733 1755 774 1818 70
809 1766 896 1838 negat
929 1768 1063 1819 ueterum
1095 1763 1276 1840 scriptorum

128 1871 181 1924 aut
205 1863 440 1925 Christianorum
465 1874 515 1925 aut
538 1882 718 1944 paganorum
743 1882 920 1943 quemquam
945 1865 981 1924 de
1004 1864 1149 1945 baptismo
1172 1865 1276 1926 iuliani
1300 1934 1302 1937 ¹

22 2044 31 2053 ⁶
125 1972 286 2049 quicquam
309 1971 469 2032 rettulisse.
511 1971 606 2050 Atque
630 1973 886 2049 argumentatione
909 1989 962 2030 sua
985 1969 1172 2032 Fridericum
1195 1971 1277 2031 Rode

125 2077 202 2137 libro
222 2080 272 2157 qui
291 2077 465 2139 inscribitur
482 2076 678 2158 „Geschicbte
697 2077 751 2136 der
769 2077 910 2137 Reaction
930 2076 1035 2137 Kaiser
1054 2077 1163 2139 lulians
1182 2097 1275 2158 gegen

126 2185 182 2274 die
195 2185 365 2246 christliche
385 2181 513 2246 Kirobe“
530 2185 616 2245 lenae
637 2204 661 2244 a.
679 2182 762 2246 1877
783 2184 894 2265 publici
917 2186 991 2244 iuris
1011 2185 1088 2245 iacto
1107 2185 1144 2245 de
1164 2194 1276 2267 tempo-

127 2291 212 2352 ribus
241 2312 340 2353 rerum
371 2312 386 2353 a
414 2292 527 2353 Iuliano
560 2300 711 2372 gestarum
739 2293 908 2352 accuratius
940 2290 1138 2351 discribcndis
1166 2296 1276 2372 optime

127 2400 267 2458 meritum
288 2401 313 2459 si
336 2402 435 2461 minus
457 2402 489 2460 in
512 2408 611 2478 partes
636 2418 705 2460 suas
723 2399 816 2479 duxit,
831 2406 870 2458 'at
892 2407 974 2458 certe
999 2402 1166 2480 commorit,
1190 2408 1223 2460 ut
1245 2402 1276 2460 in

126 2524 273 2584 suspenso
293 2505 476 2584 relinqueret
494 2508 713 2587 quaestionem;
733 2508 769 2566 ci.
784 2505 911 2566 Rodium
925 2525 953 2584 p.
964 2501 1006 2566 33
1022 2505 1087 2565 adn.
1100 2501 1149 2566 13.
1173 2505 1276 2584 Neque

126 2621 227 2673 tamen
257 2621 339 2674 recte
362 2614 466 2674 dicunt
489 2632 526 2673 ue
552 2632 643 2674 ornum
668 2613 787 2692 quidem
811 2622 945 2673 veterum
969 2615 1149 2691 scriptorum
1173 2612 1208 2672 de
1228 2611 1276 2672 ba-

126 2722 236 2799 ptismo
255 2720 360 2781 luliani
379 2719 467 2780 rerba
491 2721 606 2780 iecisse.
639 2718 742 2780 Exstat
762 2721 841 2779 enim
860 2718 944 2780 locus
964 2718 1065 2798 Cyrilli
1079 2720 1277 2801 Alexandrini,

127 2830 214 2888 cuius
241 2827 314 2886 haec
342 2835 412 2887 sunt
438 2829 468 2887 in
497 2827 704 2887 acclamatione
729 2825 764 2886 ad
788 2825 1044 2905 religiosissimum
1067 2827 1276 2905 imperatorem

127 2933 328 2994 Theodosium
342 2954 370 3013 p.
385 2931 434 2994 3B
449 2932 536 2994 hub:
559 2931 598 3010 ἠν
622 2932 679 3007 μὲν
698 2930 759 3007 γὰρ
784 2926 838 3013 (sc.
853 2928 1039 3010 lonbardo)
1058 2931 1121 3007 πρὸ
1136 2934 1202 2994 τῶν
1220 2936 1277 3010 τῆς

128 3036 286 3116 βαςιλείας
300 3041 419 3115 καιρῶν
434 3041 501 3100 τοῖς
515 3037 712 3100 πιςτεύςαςιν
722 3035 916 3113 ἐναρίθμιος·
930 3036 1047 3114 ἠξιώθη
1063 3037 1098 3099 δὲ
1113 3038 1164 3100 καὶ
1178 3037 1277 3101 αὐτοῦ

127 3142 218 3224 roffi)
244 3142 337 3220 ἁγίου
363 3143 585 3223 βαπτίςματος,
615 3144 766 3222 ἐνήςιςητο
791 3143 900 3206 δὲκαὶ
930 3142 1047 3223 βίβλοις
1070 3147 1140 3206 ταῖς
1163 3143 1278 3222 ἱεραῖς·

128 3248 206 3313 ἀλλ’
236 3250 293 3314 οὐκ
317 3248 383 3314 olb'
410 3249 501 3313 ὅπως
529 3247 644 3328 ἄνδρες
668 3250 756 3334 αὐτῷ
785 3249 890 3327 μιαροί
913 3270 948 3313 τε
977 3249 1027 3313 καὶ
1051 3249 1278 3327 θειςιθαίμονες

127 3355 302 3433 γεγονότες
324 3357 478 3434 γνώριμοι
501 3358 577 3421 τοὺς
596 3356 676 3435 ὑπὲρ
696 3362 752 3436 τῆς
774 3355 965 3419 ἀποςταςίας
989 3359 1129 3434 καθῆκαν
1149 3355 1276 3433 λόγους.

128 3461 198 3527 εἶτα
227 3464 388 3528 ςύνοπλον
416 3465 460 3528 εἰς
493 3469 589 3528 τοῦτο
618 3463 773 3543 λαβόντε(
805 3464 863 3527 τὸν
892 3465 1030 3525 ςατανᾶν
1063 3462 1277 3540 παρεκόμιςαν

128 3569 173 3633 εἰς
191 3570 232 3632 τὰ
253 3569 415 3650 Ἑλλήνων
439 3570 495 3649 ἔθη
514 3571 564 3635 καὶ
584 3570 694 3648 λάτριν
713 3568 885 3648 ἀπέφηναν
901 3567 1074 3645 δαιμονίων
1089 3567 1277 3648 ἀκαθάρτων

126 3677 186 3740 τὸν
223 3675 326 3753 ἁγίαις
358 3678 532 3756 ἐκκληςίαις
564 3678 615 3741 καὶ
653 3676 872 3755 μοναςτηρίοις
900 3675 1163 3754 ἐντεθραμμένον.
1211 3678 1276 3749 Quo

203 3888 228 3954 1)
242 3885 383 3942 hubertus
396 3891 442 3942 καί
455 3894 506 3942 roo
522 3887 602 3953 ἁγίου
618 3888 808 3954 βαπτίςματος.
839 3886 893 3940 Sed
907 3884 1028 3939 Michael
1038 3883 1139 3952 Glycas
1153 3903 1179 3953 p.
1189 3890 1276 3954 470,3

128 3976 172 4029 ed.
192 3975 289 4044 Bonn,
309 3976 357 4044 qui
375 3976 472 4046 cyrilli
491 3976 577 4032 verba
595 3975 754 4046 exscripsit:
780 3977 886 4042 ἠξιώθη
912 3976 942 4027 δὲ
962 3976 1006 4027 καλ
1025 3974 1112 4026 αὑτοῦ
1130 3979 1182 4026 τοθ
1201 3973 1277 4027 θείου

128 4064 321 4131 βαπτίςματος.
356 4064 589 4135 Oecolumpadius
606 4065 695 4120 rerba
713 4081 784 4133 quae
803 4063 832 4116 in
847 4061 942 4116 codice
963 4060 1114 4130 Capnionis
1133 4063 1279 4116 invenerat

127 4154 170 4208 ita
180 4154 279 4210 vertit:
293 4156 459 4224 assequutus
470 4156 564 4208 autem
575 4154 636 4208 erab
646 4156 674 4208 eb
687 4153 780 4223 ipsum
791 4153 998 4206 sacrosanctum
1013 4151 1160 4220 baptisma.
1179 4151 1278 4220 Neque

127 4245 269 4313 repugnat
287 4242 425 4313 scriptura
443 4243 503 4297 cod.
523 4243 659 4296 Marciani
680 4249 730 4297 123
751 4257 820 4296 saec.
840 4239 913 4293 XllI.
946 4238 1001 4293 Ubi
1018 4239 1120 4292 lacuna
1138 4238 1279 4293 invenitur

126 4332 203 4386 inter
221 4349 304 4386 voces
323 4334 427 4400 ἠξιώθη
452 4333 546 4386 δὲκαὶ
566 4333 595 4386 et
612 4337 664 4386 τοθ
684 4330 764 4396 ἁγίου
784 4328 975 4397 βαπτίςματος,
994 4328 1024 4381 in
1042 4344 1099 4396 quo
1117 4327 1188 4380 nihil
1206 4345 1279 4382 nuno

129 4425 275 4491 comparet
292 4420 346 4476 nisi
365 4423 497 4476 accentus
515 4420 707 4476 circumflexus
726 4423 792 4476 ante
815 4435 897 4473 voces
915 4423 966 4472 τοθ
986 4417 1067 4482 ἁγίου
1087 4415 1277 4482 βαπτίςματος.

1030 4512 1043 4558 1
1051 4505 1065 4536 *
