2926 5040
724 340 816 410 Caput
833 341 866 398 Π.

670 529 720 589 Ex
742 530 820 590 libro
844 530 914 591 XV.

764 685 814 750 13.

305 811 450 872 irridebat
469 810 599 872 lulianus
618 811 777 894 Christum,
797 812 876 892 quod
896 813 1091 874 manducabat
1113 822 1144 875 et
1167 813 1295 876 bibebat.
1322 815 1362 891 Ci.

216 918 282 999 Cyr.
302 919 320 978 i.
336 916 387 979 20.
415 918 515 979 Matth.
538 916 592 999 11,
607 914 636 978 9.
672 918 744 980 Luc.
765 917 793 999 1,
813 916 863 980 34.
896 919 941 980 ibi
963 922 1113 982 invenitur
1132 920 1244 982 Christi
1262 924 1363 1002 oratio,

216 1044 273 1104 qua
300 1028 444 1085 maiorem
472 1044 504 1085 se
533 1043 598 1085 esse
621 1025 730 1085 Ioanne
758 1024 885 1105 baptista
913 1029 1042 1105 exponit.
1083 1024 1144 1086 lam
1172 1046 1242 1088 vero
1267 1035 1363 1088 statuo

215 1131 354 1193 Ioannem
378 1150 394 1192 a
417 1132 529 1192 Iuliano
553 1130 703 1193 laudatum
726 1150 807 1213 esse,
832 1131 912 1211 quod
936 1133 1037 1193 multis
1065 1131 1139 1193 cibis
1163 1133 1365 1221 abstinuisset,

215 1239 366 1300 Christum
391 1241 599 1320 vituperatum,
623 1238 702 1317 quod
725 1239 843 1299 loannis
866 1241 989 1318 vestigia
1011 1258 1070 1300 non
1094 1242 1265 1320 pressisset.

763 1414 812 1478 14.
894 1416 896 1422 '

303 1541 490 1621 Fragmentis
513 1541 614 1622 Cyrilli
632 1539 673 1602 21
691 1547 725 1602 ‘et
742 1538 784 1602 22
808 1542 1029 1603 misericordiae
1048 1544 1214 1604 afferuntur
1239 1545 1367 1607 fructus.

216 1648 295 1727 Ergo
319 1651 469 1710 invectum
493 1668 559 1709 esse
583 1667 691 1709 censeo
715 1648 861 1709 lulianum
883 1650 914 1710 in
940 1649 1050 1711 Christi
1073 1649 1163 1710 verba
1187 1669 1263 1730 quae
1287 1652 1368 1732 apud

213 1755 393 1816 Matthaenm
421 1758 614 1817 inveniuntur
638 1751 672 1836 5,
697 1753 715 1816 1
745 1752 890 1831 μακάριοι
919 1752 950 1816 οἱ
977 1753 1163 1833 ἐλεήμονεε,
1193 1753 1243 1818 ὅτι
1272 1755 1369 1820 αὐτοὶ

213 1861 446 1939 ἐλεηθήεονται.
492 1860 681 1942 Vituperasse
714 1870 812 1933 autem
841 1863 1008 1922 censendus
1041 1872 1086 1923 est
1118 1881 1255 1944 causam,
1289 1885 1368 1944 quae

213 1971 336 2030 aiiertur
359 1969 481 2030 vocibus
505 1965 554 2030 ὅτι
577 1967 668 2030 αὐτοὶ
691 1967 927 2045 ἐλεηθήεονται.

765 2143 814 2207 15.

302 2271 475 2352 Complures
499 2270 547 2332 hic
570 2273 601 2331 in
625 2289 748 2332 examen
777 2291 897 2333 vocasse
921 2271 1039 2333 videtur
1061 2271 1192 2334 hilianus
1221 2273 1307 2335 iocos
1332 2295 1369 2336 ex

212 2382 345 2440 oratione
369 2379 491 2439 haustos
515 2398 561 2461 ea,
586 2397 675 2458 quam
698 2381 729 2439 in
753 2389 852 2440 monte
876 2379 979 2440 hahuit
1002 2378 1147 2441 Christus.
1184 2380 1369 2460 Fragmenta

211 2488 290 2546 enim
309 2483 352 2546 23
377 2505 443 2545 cum
464 2484 590 2564 Cyrillus
614 2489 786 2565 exposuerit
809 2486 962 2567 splendida
986 2488 1161 2547 vestimenta
1184 2487 1271 2548 nihili
1295 2507 1366 2550 esse

211 2593 358 2674 iacienda,
391 2591 508 2652 videtur
540 2591 609 2652 inde
642 2610 707 2652 esse
728 2592 937 2672 ,colligendum
967 2592 1114 2654 lulianum
1146 2596 1365 2673 perstrinxisse

122 2673 131 2688 ”
213 2699 377 2778 Christum,
409 2701 461 2778 qui
483 2698 583 2759 Matth.
608 2696 642 2779 6,
661 2694 718 2760 25:
741 2697 794 2760 διὰ
820 2701 930 2776 τοῦτο,
958 2702 1076 2781 inquit„
1092 2698 1177 2775 λέγω
1200 2697 1290 2777 ὑμῖν,
1324 2704 1368 2781 μὴ

211 2806 378 2881 μεριμνᾶτε
402 2809 440 2886 τῇ
465 2809 551 2887 ψυχῇ
576 2802 664 2882 ὑμῶν
687 2803 717 2866 τί
741 2803 881 2883 φάγητε,
905 2806 983 2885 μηδὲ
1006 2809 1053 2889 τῷ
1077 2804 1195 2883 (ώματι
1218 2804 1312 2884 ὑμῶν
1336 2808 1368 2872 τί

183 2910 393 2987 'inhibentem
423 2922 453 2973 et
480 2912 581 2973 Matth.
606 2909 641 2993 6,
667 2909 707 2972 31
742 2911 782 2989 μὴ
816 2909 876 2974 οὖν
908 2912 1110 2994 μεριμνήεετε
1139 2913 1308 2988 λέγοντες·
1336 2914 1369 2978 τί

209 3015 409 3095 phrumpach
434 3015 463 3080 τί
486 3016 609 3096 πίωμεν
632 3017 651 3095 ἢ
675 3015 704 3078 τί
728 3016 984 3096 περιβαλώμεθα;
1238 3012 1241 3016 ’

582 3322 633 3382 Ex
659 3323 767 3398 Cyrno
788 3324 867 3383 libro
891 3323 978 3382 XVI.

756 3479 806 3543 16.

296 3605 438 3666 Eiusdem
457 3607 599 3666 orationis
618 3605 760 3685 quaedam
785 3605 980 3667 calumniatus
999 3625 1064 3667 esse
1083 3604 1214 3667 Iulianus
1238 3609 1364 3674 videtur

208 3716 244 3773 iis
272 3712 384 3787 verbis,
413 3712 447 3772 ad
477 3731 551 3791 qnae
580 3712 734 3792 respondit
757 3711 883 3792 Cyrillus
912 3713 1083 3793 fragmentis
1106 3710 1148 3774 21
1173 3723 1203 3774 ct
1228 3713 1280 3778 28.
1327 3718 1360 3780 In

209 3839 265 3900 qua
298 3819 446 3900 permulta
477 3821 669 3880 inveniuntur
697 3819 807 3880 Christi
837 3818 941 3900 verba,
973 3818 1081 3898 quibus
1109 3823 1248 3899 exposuit
1279 3841 1361 3902 quae

208 3946 340 4006 quasque
359 3928 477 3986 virtutis
497 3934 695 4004 sequerentur
708 3927 847 4006 praemia.
879 3921 1111 4006 Namnatius,
1126 3923 1146 3987 3
1161 3944 1225 4005 sqq.
1245 3931 1362 4010 simpli·

208 4037 288 4094 cium
311 4033 464 4094 hominum
483 4051 549 4093 esse
571 4051 696 4112 regnum
715 4033 855 4115 caeleste,
878 4032 1087 4093 consolationis
1106 4034 1266 4112 participes
1292 4037 1360 4098 sore

207 4141 357 4220 lugentes,
380 4140 529 4220 expletum
552 4141 590 4199 iri
613 4140 719 4200 samem
743 4157 861 4220 eorum,
884 4141 934 4218 qui
957 4140 1100 4199 iustitiam
1123 4141 1276 4202 esurirent
1301 4152 1360 4206 etc.

209 4248 395 4319 Quaesivisse
418 4249 510 4326 igitur
528 4245 703 4308 statuendus
727 4255 773 4306 est
790 4244 930 4326 lulianus,
954 4245 1090 4306 curaliis
1113 4247 1276 4308 virtutihus
1302 4250 1359 4311 alia

207 4357 336 4433 praemia
365 4363 465 4414 essent
492 4356 638 4433 promissa
661 4352 742 4433 talia3
770 4354 819 4413 cui
846 4353 1000 4432 respondit
1023 4353 1161 4433 Cyrillns:
1190 4349 1360 4428 ἀνάλογοι

207 4462 275 4522 roi(
299 4457 430 4520 ἐκάετου
454 4458 693 4537 κατομθιίνμμειν
715 4457 735 4534 ἡ
758 4461 814 4535 τῆ(
838 4455 969 4535 ἀμοιβή(
993 4455 1163 4520 hortuna(
1186 4458 1248 4522 ντὲ.
