<?xml version="1.0" encoding="UTF-8"?>
<!DOCTYPE html PUBLIC "-//W3C//DTD XHTML 1.0 Transitional//EN"
    "http://www.w3.org/TR/xhtml1/DTD/xhtml1-transitional.dtd">
<html xmlns="http://www.w3.org/1999/xhtml" xml:lang="en" lang="en">
 <head>
  <title>
</title>
<meta http-equiv="Content-Type" content="text/html;charset=utf-8" />
  <meta name='ocr-system' content='tesseract 3.04.00' />
  <meta name='ocr-capabilities' content='ocr_page ocr_carea ocr_par ocr_line ocrx_word'/>
</head>
<body>
  <div class='ocr_page' id='page_1' title='image "./iulianiimperato00neumgoog_0040.png"; bbox 0 0 2926 5040; ppageno 0'>
   <div class='ocr_carea' id='block_1_1' title="bbox 496 329 1269 398">
    <p class='ocr_par' dir='ltr' id='par_1_1' title="bbox 496 329 1269 398">
     <span class='ocr_line' id='line_1_1' title="bbox 496 329 1269 398; baseline -0.003 -4"><span class='ocrx_word' id='word_1_1' title='bbox 496 341 537 396; x_wconf 88' lang='lat' dir='ltr'><strong>De</strong></span> <span class='ocrx_word' id='word_1_2' title='bbox 556 337 658 394; x_wconf 85' lang='lat' dir='ltr'><strong>Iuliani</strong></span> <span class='ocrx_word' id='word_1_3' title='bbox 676 339 811 393; x_wconf 87' lang='lat' dir='ltr'><strong>librorum</strong></span> <span class='ocrx_word' id='word_1_4' title='bbox 832 339 905 393; x_wconf 81' lang='lat' dir='ltr'><strong>fatis.</strong></span> <span class='ocrx_word' id='word_1_5' title='bbox 1228 329 1269 398; x_wconf 77' lang='grc'><strong>27</strong></span> 
     </span>
    </p>
   </div>
   <div class='ocr_carea' id='block_1_2' title="bbox 122 501 1276 4539">
    <p class='ocr_par' dir='ltr' id='par_1_2' title="bbox 122 501 1275 2727">
     <span class='ocr_line' id='line_1_2' title="bbox 127 501 1274 588; baseline -0.005 -19"><span class='ocrx_word' id='word_1_6' title='bbox 127 507 219 569; x_wconf 84' lang='lat' dir='ltr'><strong>scribi</strong></span> <span class='ocrx_word' id='word_1_7' title='bbox 243 506 406 588; x_wconf 89' lang='lat' dir='ltr'><strong>potnerunt</strong></span> <span class='ocrx_word' id='word_1_8' title='bbox 424 508 563 569; x_wconf 75' lang='lat' dir='ltr'><strong>Matthaei</strong></span> <span class='ocrx_word' id='word_1_9' title='bbox 586 506 737 586; x_wconf 90' lang='lat' dir='ltr'><strong>evangelio</strong></span> <span class='ocrx_word' id='word_1_10' title='bbox 761 524 819 565; x_wconf 90' lang='lat' dir='ltr'><strong>non</strong></span> <span class='ocrx_word' id='word_1_11' title='bbox 844 504 988 585; x_wconf 83' lang='lat' dir='ltr'><strong>adhibit03</strong></span> <span class='ocrx_word' id='word_1_12' title='bbox 1012 503 1062 564; x_wconf 84' lang='lat' dir='ltr'><strong>ubi</strong></span> <span class='ocrx_word' id='word_1_13' title='bbox 1081 524 1136 564; x_wconf 81' lang='lat' dir='ltr'><strong>vox</strong></span> <span class='ocrx_word' id='word_1_14' title='bbox 1156 501 1274 577; x_wconf 87' lang='grc' dir='ltr'>ἀναγα-</span> 
     </span>
     <span class='ocr_line' id='line_1_3' title="bbox 123 610 1274 693; baseline -0.006 -17"><span class='ocrx_word' id='word_1_15' title='bbox 123 618 195 689; x_wconf 86' lang='grc' dir='ltr'>γεῖν</span> <span class='ocrx_word' id='word_1_16' title='bbox 224 617 349 676; x_wconf 88' lang='lat' dir='ltr'><strong>fortasse</strong></span> <span class='ocrx_word' id='word_1_17' title='bbox 379 635 413 676; x_wconf 83' lang='lat' dir='ltr'><strong>ex</strong></span> <span class='ocrx_word' id='word_1_18' title='bbox 442 615 512 676; x_wconf 91' lang='lat' dir='ltr'><strong>Luc.</strong></span> <span class='ocrx_word' id='word_1_19' title='bbox 537 611 618 676; x_wconf 87' lang='lat' dir='ltr'><strong>1v5</strong></span> <span class='ocrx_word' id='word_1_20' title='bbox 650 615 824 693; x_wconf 90' lang='lat' dir='ltr'><strong>deprompta</strong></span> <span class='ocrx_word' id='word_1_21' title='bbox 852 620 910 693; x_wconf 85' lang='lat' dir='ltr'><strong>est,</strong></span> <span class='ocrx_word' id='word_1_22' title='bbox 945 631 1012 672; x_wconf 91' lang='lat' dir='ltr'><strong>cum</strong></span> <span class='ocrx_word' id='word_1_23' title='bbox 1041 612 1206 672; x_wconf 83' lang='lat' dir='ltr'><strong>Matthaeus</strong></span> <span class='ocrx_word' id='word_1_24' title='bbox 1233 610 1274 670; x_wconf 90' lang='lat' dir='ltr'><strong>ihi</strong></span> 
     </span>
     <span class='ocr_line' id='line_1_4' title="bbox 123 714 1275 802; baseline -0.004 -20"><span class='ocrx_word' id='word_1_25' title='bbox 123 739 198 782; x_wconf 91' lang='lat' dir='ltr'><strong>usos</strong></span> <span class='ocrx_word' id='word_1_26' title='bbox 222 723 260 782; x_wconf 92' lang='lat' dir='ltr'><strong>sit</strong></span> <span class='ocrx_word' id='word_1_27' title='bbox 283 722 373 782; x_wconf 85' lang='lat' dir='ltr'><strong>verbo</strong></span> <span class='ocrx_word' id='word_1_28' title='bbox 397 718 676 802; x_wconf 81' lang='grc' dir='ltr'>παραλαμβάνειν;</span> <span class='ocrx_word' id='word_1_29' title='bbox 700 721 751 781; x_wconf 91' lang='lat' dir='ltr'><strong>sed</strong></span> <span class='ocrx_word' id='word_1_30' title='bbox 775 719 865 781; x_wconf 90' lang='lat' dir='ltr'><strong>verba</strong></span> <span class='ocrx_word' id='word_1_31' title='bbox 889 716 933 780; x_wconf 82' lang='grc' dir='ltr'><strong>εἰ(</strong></span> <span class='ocrx_word' id='word_1_32' title='bbox 957 714 1032 794; x_wconf 82' lang='grc' dir='ltr'>ὄρο(</span> <span class='ocrx_word' id='word_1_33' title='bbox 1051 716 1179 794; x_wconf 83' lang='grc' dir='ltr'>ὑψηλὸν</span> <span class='ocrx_word' id='word_1_34' title='bbox 1204 715 1275 778; x_wconf 82' lang='grc' dir='ltr'><strong>λίαν</strong></span> 
     </span>
     <span class='ocr_line' id='line_1_5' title="bbox 124 821 1274 912; baseline -0.007 -22"><span class='ocrx_word' id='word_1_35' title='bbox 124 831 213 890; x_wconf 88' lang='lat' dir='ltr'><strong>etiam</strong></span> <span class='ocrx_word' id='word_1_36' title='bbox 236 828 293 889; x_wconf 93' lang='lat' dir='ltr'><strong>hoc</strong></span> <span class='ocrx_word' id='word_1_37' title='bbox 317 828 381 889; x_wconf 92' lang='lat' dir='ltr'><strong>loco</strong></span> <span class='ocrx_word' id='word_1_38' title='bbox 406 848 421 889; x_wconf 94' lang='lat' dir='ltr'><strong>a</strong></span> <span class='ocrx_word' id='word_1_39' title='bbox 439 829 585 890; x_wconf 85' lang='lat' dir='ltr'><strong>Matthaeo</strong></span> <span class='ocrx_word' id='word_1_40' title='bbox 610 823 661 912; x_wconf 85' lang='lat' dir='ltr'><strong>(lv</strong></span> <span class='ocrx_word' id='word_1_41' title='bbox 677 821 712 910; x_wconf 87' lang='lat'><strong>8)</strong></span> <span class='ocrx_word' id='word_1_42' title='bbox 736 829 828 907; x_wconf 91' lang='lat' dir='ltr'><strong>petita</strong></span> <span class='ocrx_word' id='word_1_43' title='bbox 852 834 922 887; x_wconf 92' lang='lat' dir='ltr'><strong>sunt</strong></span> <span class='ocrx_word' id='word_1_44' title='bbox 941 837 1029 905; x_wconf 90' lang='lat' dir='ltr'><strong>atque</strong></span> <span class='ocrx_word' id='word_1_45' title='bbox 1049 844 1082 886; x_wconf 91' lang='lat' dir='ltr'><strong>ea</strong></span> <span class='ocrx_word' id='word_1_46' title='bbox 1103 828 1166 904; x_wconf 89' lang='lat' dir='ltr'><strong>ipsa</strong></span> <span class='ocrx_word' id='word_1_47' title='bbox 1186 843 1274 902; x_wconf 87' lang='lat' dir='ltr'><strong>quam</strong></span> 
     </span>
     <span class='ocr_line' id='line_1_6' title="bbox 125 931 1274 1014; baseline -0.005 -18"><span class='ocrx_word' id='word_1_48' title='bbox 125 937 251 1003; x_wconf 83' lang='lat' dir='ltr'><strong>maxime</strong></span> <span class='ocrx_word' id='word_1_49' title='bbox 279 954 344 996; x_wconf 91' lang='lat' dir='ltr'><strong>esse</strong></span> <span class='ocrx_word' id='word_1_50' title='bbox 372 935 505 1014; x_wconf 90' lang='lat' dir='ltr'><strong>urgenda</strong></span> <span class='ocrx_word' id='word_1_51' title='bbox 533 937 600 1014; x_wconf 91' lang='lat' dir='ltr'><strong>quis</strong></span> <span class='ocrx_word' id='word_1_52' title='bbox 628 943 673 995; x_wconf 91' lang='lat' dir='ltr'><strong>est</strong></span> <span class='ocrx_word' id='word_1_53' title='bbox 707 936 777 1012; x_wconf 88' lang='lat' dir='ltr'><strong>quin</strong></span> <span class='ocrx_word' id='word_1_54' title='bbox 806 931 924 993; x_wconf 82' lang='lat' dir='ltr'><strong>videat?</strong></span> <span class='ocrx_word' id='word_1_55' title='bbox 961 933 1080 993; x_wconf 85' lang='lat' dir='ltr'><strong>Certum</strong></span> <span class='ocrx_word' id='word_1_56' title='bbox 1109 934 1200 1011; x_wconf 90' lang='lat' dir='ltr'><strong>igitur</strong></span> <span class='ocrx_word' id='word_1_57' title='bbox 1229 938 1274 991; x_wconf 91' lang='lat' dir='ltr'><strong>est</strong></span> 
     </span>
     <span class='ocr_line' id='line_1_7' title="bbox 124 1040 1271 1120; baseline -0.004 -17"><span class='ocrx_word' id='word_1_58' title='bbox 124 1062 184 1103; x_wconf 92' lang='lat' dir='ltr'><strong>non</strong></span> <span class='ocrx_word' id='word_1_59' title='bbox 203 1045 233 1103; x_wconf 92' lang='lat' dir='ltr'><strong>in</strong></span> <span class='ocrx_word' id='word_1_60' title='bbox 253 1044 465 1103; x_wconf 89' lang='lat' dir='ltr'><strong>commentario</strong></span> <span class='ocrx_word' id='word_1_61' title='bbox 484 1042 627 1120; x_wconf 88' lang='lat' dir='ltr'><strong>evangelii</strong></span> <span class='ocrx_word' id='word_1_62' title='bbox 646 1041 675 1101; x_wconf 84' lang='lat' dir='ltr'><strong>S.</strong></span> <span class='ocrx_word' id='word_1_63' title='bbox 695 1040 792 1101; x_wconf 83' lang='lat' dir='ltr'><strong>Lucae</strong></span> <span class='ocrx_word' id='word_1_64' title='bbox 810 1040 884 1100; x_wconf 91' lang='lat' dir='ltr'><strong>haec</strong></span> <span class='ocrx_word' id='word_1_65' title='bbox 903 1041 1059 1118; x_wconf 77' lang='lat' dir='ltr'>scripsisse</span> <span class='ocrx_word' id='word_1_66' title='bbox 1073 1040 1271 1099; x_wconf 88' lang='lat' dir='ltr'><strong>Theodorum.</strong></span> 
     </span>
     <span class='ocr_line' id='line_1_8' title="bbox 124 1147 1273 1229; baseline -0.003 -20"><span class='ocrx_word' id='word_1_67' title='bbox 124 1150 166 1209; x_wconf 84' lang='lat' dir='ltr'><strong>Ac</strong></span> <span class='ocrx_word' id='word_1_68' title='bbox 190 1167 227 1208; x_wconf 89' lang='lat' dir='ltr'><strong>nc</strong></span> <span class='ocrx_word' id='word_1_69' title='bbox 249 1157 406 1229; x_wconf 82' lang='lat' dir='ltr'><strong>excerptor</strong></span> <span class='ocrx_word' id='word_1_70' title='bbox 429 1149 547 1228; x_wconf 85' lang='lat' dir='ltr'><strong>quidem</strong></span> <span class='ocrx_word' id='word_1_71' title='bbox 572 1156 653 1209; x_wconf 90' lang='lat' dir='ltr'><strong>recte</strong></span> <span class='ocrx_word' id='word_1_72' title='bbox 673 1151 745 1229; x_wconf 87' lang='lat' dir='ltr'><strong>egit,</strong></span> <span class='ocrx_word' id='word_1_73' title='bbox 770 1150 821 1227; x_wconf 90' lang='lat' dir='ltr'><strong>qui</strong></span> <span class='ocrx_word' id='word_1_74' title='bbox 844 1147 901 1207; x_wconf 93' lang='lat' dir='ltr'><strong>hoc</strong></span> <span class='ocrx_word' id='word_1_75' title='bbox 924 1147 1122 1226; x_wconf 79' lang='lat' dir='ltr'><strong>fragmentum</strong></span> <span class='ocrx_word' id='word_1_76' title='bbox 1146 1148 1176 1206; x_wconf 89' lang='lat' dir='ltr'><strong>in</strong></span> <span class='ocrx_word' id='word_1_77' title='bbox 1196 1153 1273 1206; x_wconf 91' lang='lat' dir='ltr'><strong>cate·</strong></span> 
     </span>
     <span class='ocr_line' id='line_1_9' title="bbox 125 1254 1272 1336; baseline -0.003 -21"><span class='ocrx_word' id='word_1_78' title='bbox 125 1274 193 1315; x_wconf 90' lang='lat' dir='ltr'><strong>nam</strong></span> <span class='ocrx_word' id='word_1_79' title='bbox 216 1255 252 1315; x_wconf 82' lang='lat' dir='ltr'><strong>ad</strong></span> <span class='ocrx_word' id='word_1_80' title='bbox 275 1254 372 1317; x_wconf 88' lang='lat' dir='ltr'><strong>Lucae</strong></span> <span class='ocrx_word' id='word_1_81' title='bbox 401 1255 585 1334; x_wconf 86' lang='lat' dir='ltr'><strong>evangelium</strong></span> <span class='ocrx_word' id='word_1_82' title='bbox 614 1257 739 1336; x_wconf 80' lang='lat' dir='ltr'><strong>recepit3</strong></span> <span class='ocrx_word' id='word_1_83' title='bbox 763 1254 820 1314; x_wconf 87' lang='lat' dir='ltr'><strong>sed</strong></span> <span class='ocrx_word' id='word_1_84' title='bbox 844 1256 980 1314; x_wconf 85' lang='lat' dir='ltr'><strong>excusari</strong></span> <span class='ocrx_word' id='word_1_85' title='bbox 1007 1261 1119 1334; x_wconf 83' lang='lat' dir='ltr'><strong>potest,</strong></span> <span class='ocrx_word' id='word_1_86' title='bbox 1147 1271 1214 1312; x_wconf 91' lang='lat' dir='ltr'><strong>cum</strong></span> <span class='ocrx_word' id='word_1_87' title='bbox 1243 1254 1272 1311; x_wconf 95' lang='lat' dir='ltr'><strong>in</strong></span> 
     </span>
     <span class='ocr_line' id='line_1_10' title="bbox 125 1360 1274 1423; baseline -0.004 -1"><span class='ocrx_word' id='word_1_88' title='bbox 125 1363 248 1422; x_wconf 90' lang='lat' dir='ltr'><strong>historia</strong></span> <span class='ocrx_word' id='word_1_89' title='bbox 267 1364 438 1422; x_wconf 82' lang='lat' dir='ltr'><strong>tentationis</strong></span> <span class='ocrx_word' id='word_1_90' title='bbox 458 1362 568 1423; x_wconf 84' lang='lat' dir='ltr'><strong>Christi</strong></span> <span class='ocrx_word' id='word_1_91' title='bbox 587 1362 744 1422; x_wconf 89' lang='lat' dir='ltr'><strong>referenda</strong></span> <span class='ocrx_word' id='word_1_92' title='bbox 764 1360 860 1421; x_wconf 90' lang='lat' dir='ltr'><strong>Lucas</strong></span> <span class='ocrx_word' id='word_1_93' title='bbox 879 1370 909 1420; x_wconf 92' lang='lat' dir='ltr'><strong>et</strong></span> <span class='ocrx_word' id='word_1_94' title='bbox 923 1360 1087 1421; x_wconf 90' lang='lat' dir='ltr'><strong>Matthaeus</strong></span> <span class='ocrx_word' id='word_1_95' title='bbox 1107 1377 1166 1418; x_wconf 95' lang='lat' dir='ltr'><strong>non</strong></span> <span class='ocrx_word' id='word_1_96' title='bbox 1187 1360 1274 1419; x_wconf 90' lang='lat' dir='ltr'><strong>nimis</strong></span> 
     </span>
     <span class='ocr_line' id='line_1_11' title="bbox 124 1465 1273 1546; baseline -0.004 -17"><span class='ocrx_word' id='word_1_97' title='bbox 124 1470 204 1529; x_wconf 88' lang='lat' dir='ltr'><strong>inter</strong></span> <span class='ocrx_word' id='word_1_98' title='bbox 227 1488 258 1529; x_wconf 89' lang='lat' dir='ltr'><strong>se</strong></span> <span class='ocrx_word' id='word_1_99' title='bbox 278 1468 416 1529; x_wconf 84' lang='lat' dir='ltr'><strong>differant</strong></span> <span class='ocrx_word' id='word_1_100' title='bbox 439 1477 468 1529; x_wconf 90' lang='lat' dir='ltr'><strong>et</strong></span> <span class='ocrx_word' id='word_1_101' title='bbox 487 1488 547 1529; x_wconf 92' lang='lat' dir='ltr'><strong>uno</strong></span> <span class='ocrx_word' id='word_1_102' title='bbox 567 1469 670 1529; x_wconf 91' lang='lat' dir='ltr'><strong>saltem</strong></span> <span class='ocrx_word' id='word_1_103' title='bbox 695 1469 760 1528; x_wconf 86' lang='lat' dir='ltr'><strong>foco</strong></span> <span class='ocrx_word' id='word_1_104' title='bbox 780 1468 903 1528; x_wconf 90' lang='lat' dir='ltr'><strong>dubium</strong></span> <span class='ocrx_word' id='word_1_105' title='bbox 928 1486 986 1527; x_wconf 95' lang='lat' dir='ltr'><strong>non</strong></span> <span class='ocrx_word' id='word_1_106' title='bbox 1011 1469 1062 1546; x_wconf 81' lang='lat' dir='ltr'><strong>sit,</strong></span> <span class='ocrx_word' id='word_1_107' title='bbox 1086 1469 1157 1545; x_wconf 89' lang='lat' dir='ltr'><strong>quin</strong></span> <span class='ocrx_word' id='word_1_108' title='bbox 1177 1465 1273 1525; x_wconf 91' lang='lat' dir='ltr'><strong>Lucae</strong></span> 
     </span>
     <span class='ocr_line' id='line_1_12' title="bbox 125 1569 1273 1656; baseline -0.003 -21"><span class='ocrx_word' id='word_1_109' title='bbox 125 1574 224 1636; x_wconf 87' lang='lat' dir='ltr'><strong>verbis</strong></span> <span class='ocrx_word' id='word_1_110' title='bbox 248 1596 321 1637; x_wconf 92' lang='lat' dir='ltr'><strong>usus</strong></span> <span class='ocrx_word' id='word_1_111' title='bbox 341 1580 379 1638; x_wconf 90' lang='lat' dir='ltr'><strong>sit</strong></span> <span class='ocrx_word' id='word_1_112' title='bbox 398 1577 587 1638; x_wconf 87' lang='lat' dir='ltr'><strong>Theodorus:</strong></span> <span class='ocrx_word' id='word_1_113' title='bbox 610 1576 700 1637; x_wconf 89' lang='lat' dir='ltr'><strong>verba</strong></span> <span class='ocrx_word' id='word_1_114' title='bbox 724 1578 802 1637; x_wconf 91' lang='lat' dir='ltr'><strong>enim</strong></span> <span class='ocrx_word' id='word_1_115' title='bbox 826 1596 854 1656; x_wconf 87' lang='lat' dir='ltr'><strong>p.</strong></span> <span class='ocrx_word' id='word_1_116' title='bbox 876 1573 925 1655; x_wconf 85' lang='lat'><strong>14,</strong></span> <span class='ocrx_word' id='word_1_117' title='bbox 941 1573 981 1634; x_wconf 79' lang='lat'><strong>21</strong></span> <span class='ocrx_word' id='word_1_118' title='bbox 1007 1573 1043 1636; x_wconf 81' lang='grc' dir='ltr'><strong>ἑν</strong></span> <span class='ocrx_word' id='word_1_119' title='bbox 1067 1577 1175 1653; x_wconf 83' lang='grc' dir='ltr'>(τιγμῇ</span> <span class='ocrx_word' id='word_1_120' title='bbox 1200 1569 1273 1648; x_wconf 87' lang='grc' dir='ltr'>χρό-</span> 
     </span>
     <span class='ocr_line' id='line_1_13' title="bbox 125 1675 1274 1764; baseline -0.003 -21"><span class='ocrx_word' id='word_1_121' title='bbox 125 1700 198 1757; x_wconf 90' lang='grc' dir='ltr'>νου,</span> <span class='ocrx_word' id='word_1_122' title='bbox 222 1702 297 1762; x_wconf 87' lang='lat' dir='ltr'><strong>quae</strong></span> <span class='ocrx_word' id='word_1_123' title='bbox 321 1684 398 1763; x_wconf 90' lang='lat' dir='ltr'><strong>apud</strong></span> <span class='ocrx_word' id='word_1_124' title='bbox 422 1684 601 1744; x_wconf 90' lang='lat' dir='ltr'><strong>Matthaeum</strong></span> <span class='ocrx_word' id='word_1_125' title='bbox 626 1703 684 1744; x_wconf 94' lang='lat' dir='ltr'><strong>non</strong></span> <span class='ocrx_word' id='word_1_126' title='bbox 708 1685 913 1762; x_wconf 87' lang='lat' dir='ltr'><strong>inveniuntur,</strong></span> <span class='ocrx_word' id='word_1_127' title='bbox 938 1701 973 1741; x_wconf 83' lang='lat' dir='ltr'><strong>ex</strong></span> <span class='ocrx_word' id='word_1_128' title='bbox 996 1680 1075 1742; x_wconf 88' lang='lat' dir='ltr'><strong>Luca</strong></span> <span class='ocrx_word' id='word_1_129' title='bbox 1101 1676 1151 1764; x_wconf 79' lang='lat' dir='ltr'><strong>(tv</strong></span> <span class='ocrx_word' id='word_1_130' title='bbox 1166 1675 1201 1762; x_wconf 84' lang='lat'><strong>5)</strong></span> <span class='ocrx_word' id='word_1_131' title='bbox 1226 1680 1274 1740; x_wconf 90' lang='lat' dir='ltr'><strong>de·</strong></span> 
     </span>
     <span class='ocr_line' id='line_1_14' title="bbox 124 1787 1275 1870; baseline -0.003 -21"><span class='ocrx_word' id='word_1_132' title='bbox 124 1798 261 1870; x_wconf 88' lang='lat' dir='ltr'><strong>prompta</strong></span> <span class='ocrx_word' id='word_1_133' title='bbox 290 1799 367 1851; x_wconf 90' lang='lat' dir='ltr'><strong>sunt.</strong></span> <span class='ocrx_word' id='word_1_134' title='bbox 415 1792 453 1851; x_wconf 80' lang='lat' dir='ltr'><strong>ht</strong></span> <span class='ocrx_word' id='word_1_135' title='bbox 480 1791 589 1852; x_wconf 92' lang='lat' dir='ltr'><strong>obiciet</strong></span> <span class='ocrx_word' id='word_1_136' title='bbox 617 1793 742 1852; x_wconf 89' lang='lat' dir='ltr'><strong>fortasse</strong></span> <span class='ocrx_word' id='word_1_137' title='bbox 771 1790 952 1851; x_wconf 87' lang='lat' dir='ltr'><strong>Fritzschius</strong></span> <span class='ocrx_word' id='word_1_138' title='bbox 981 1797 1097 1849; x_wconf 85' lang='lat' dir='ltr'><strong>exstare</strong></span> <span class='ocrx_word' id='word_1_139' title='bbox 1126 1787 1275 1847; x_wconf 85' lang='lat' dir='ltr'><strong>Theodori</strong></span> 
     </span>
     <span class='ocr_line' id='line_1_15' title="bbox 124 1896 1274 1979; baseline -0.004 -22"><span class='ocrx_word' id='word_1_140' title='bbox 124 1896 326 1975; x_wconf 91' lang='lat' dir='ltr'><strong>Mopsuesteni</strong></span> <span class='ocrx_word' id='word_1_141' title='bbox 350 1898 548 1979; x_wconf 75' lang='lat' dir='ltr'><strong>fragmentum</strong></span> <span class='ocrx_word' id='word_1_142' title='bbox 570 1901 601 1959; x_wconf 92' lang='lat' dir='ltr'><strong>in</strong></span> <span class='ocrx_word' id='word_1_143' title='bbox 621 1901 694 1959; x_wconf 87' lang='lat' dir='ltr'><strong>actis</strong></span> <span class='ocrx_word' id='word_1_144' title='bbox 714 1917 739 1959; x_wconf 93' lang='lat' dir='ltr'><strong>c.</strong></span> <span class='ocrx_word' id='word_1_145' title='bbox 759 1897 799 1979; x_wconf 87' lang='lat' dir='ltr'><strong>C.‚</strong></span> <span class='ocrx_word' id='word_1_146' title='bbox 824 1897 902 1976; x_wconf 87' lang='lat' dir='ltr'><strong>quod</strong></span> <span class='ocrx_word' id='word_1_147' title='bbox 922 1897 958 1957; x_wconf 90' lang='lat' dir='ltr'><strong>de</strong></span> <span class='ocrx_word' id='word_1_148' title='bbox 978 1903 1145 1957; x_wconf 89' lang='lat' dir='ltr'><strong>commento</strong></span> <span class='ocrx_word' id='word_1_149' title='bbox 1170 1912 1274 1954; x_wconf 86' lang='lat' dir='ltr'><strong>secun·</strong></span> 
     </span>
     <span class='ocr_line' id='line_1_16' title="bbox 125 2003 1274 2085; baseline -0.001 -23"><span class='ocrx_word' id='word_1_150' title='bbox 125 2003 196 2063; x_wconf 89' lang='lat' dir='ltr'><strong>dum</strong></span> <span class='ocrx_word' id='word_1_151' title='bbox 219 2003 328 2064; x_wconf 91' lang='lat' dir='ltr'><strong>Lucam</strong></span> <span class='ocrx_word' id='word_1_152' title='bbox 357 2006 499 2085; x_wconf 88' lang='lat' dir='ltr'><strong>evangelii</strong></span> <span class='ocrx_word' id='word_1_153' title='bbox 523 2006 729 2085; x_wconf 90' lang='lat' dir='ltr'><strong>depromptum</strong></span> <span class='ocrx_word' id='word_1_154' title='bbox 755 2023 820 2065; x_wconf 94' lang='lat' dir='ltr'><strong>esse</strong></span> <span class='ocrx_word' id='word_1_155' title='bbox 849 2007 1034 2084; x_wconf 89' lang='lat' dir='ltr'><strong>apertissime</strong></span> <span class='ocrx_word' id='word_1_156' title='bbox 1063 2003 1204 2063; x_wconf 89' lang='lat' dir='ltr'><strong>traditum</strong></span> <span class='ocrx_word' id='word_1_157' title='bbox 1228 2003 1274 2061; x_wconf 89' lang='lat' dir='ltr'><strong>sit.</strong></span> 
     </span>
     <span class='ocr_line' id='line_1_17' title="bbox 124 2107 1274 2191; baseline -0.003 -22"><span class='ocrx_word' id='word_1_158' title='bbox 124 2109 167 2169; x_wconf 85' lang='lat' dir='ltr'><strong>ct</strong></span> <span class='ocrx_word' id='word_1_159' title='bbox 187 2130 214 2189; x_wconf 91' lang='lat' dir='ltr'><strong>p.</strong></span> <span class='ocrx_word' id='word_1_160' title='bbox 236 2108 286 2191; x_wconf 80' lang='lat'><strong>12,</strong></span> <span class='ocrx_word' id='word_1_161' title='bbox 305 2109 398 2191; x_wconf 88' lang='lat' dir='ltr'><strong>6sqq.</strong></span> <span class='ocrx_word' id='word_1_162' title='bbox 428 2111 513 2172; x_wconf 90' lang='lat' dir='ltr'><strong>Sane.</strong></span> <span class='ocrx_word' id='word_1_163' title='bbox 561 2111 617 2170; x_wconf 83' lang='lat' dir='ltr'><strong>Sed</strong></span> <span class='ocrx_word' id='word_1_164' title='bbox 644 2111 714 2190; x_wconf 87' lang='lat' dir='ltr'><strong>quid</strong></span> <span class='ocrx_word' id='word_1_165' title='bbox 747 2107 862 2172; x_wconf 80' lang='lat' dir='ltr'><strong>refert?</strong></span> <span class='ocrx_word' id='word_1_166' title='bbox 908 2110 985 2171; x_wconf 91' lang='lat' dir='ltr'><strong>Num</strong></span> <span class='ocrx_word' id='word_1_167' title='bbox 1016 2113 1206 2189; x_wconf 90' lang='lat' dir='ltr'><strong>impugnatur</strong></span> <span class='ocrx_word' id='word_1_168' title='bbox 1239 2126 1274 2167; x_wconf 91' lang='lat' dir='ltr'><strong>eo</strong></span> 
     </span>
     <span class='ocr_line' id='line_1_18' title="bbox 122 2214 1274 2298; baseline 0 -21"><span class='ocrx_word' id='word_1_169' title='bbox 122 2217 256 2279; x_wconf 78' lang='lat' dir='ltr'><strong>lulianus</strong></span> <span class='ocrx_word' id='word_1_170' title='bbox 284 2227 334 2280; x_wconf 92' lang='lat' dir='ltr'><strong>aut</strong></span> <span class='ocrx_word' id='word_1_171' title='bbox 366 2219 469 2280; x_wconf 88' lang='lat' dir='ltr'><strong>saltem</strong></span> <span class='ocrx_word' id='word_1_172' title='bbox 498 2219 595 2298; x_wconf 90' lang='lat' dir='ltr'><strong>aliqua</strong></span> <span class='ocrx_word' id='word_1_173' title='bbox 623 2221 688 2279; x_wconf 90' lang='lat' dir='ltr'><strong>eius</strong></span> <span class='ocrx_word' id='word_1_174' title='bbox 717 2221 863 2280; x_wconf 88' lang='lat' dir='ltr'><strong>sententia</strong></span> <span class='ocrx_word' id='word_1_175' title='bbox 891 2218 932 2278; x_wconf 91' lang='lat' dir='ltr'><strong>ihi</strong></span> <span class='ocrx_word' id='word_1_176' title='bbox 960 2214 1105 2277; x_wconf 82' lang='lat' dir='ltr'><strong>affertur?</strong></span> <span class='ocrx_word' id='word_1_177' title='bbox 1145 2217 1274 2277; x_wconf 87' lang='lat' dir='ltr'><strong>Minime.</strong></span> 
     </span>
     <span class='ocr_line' id='line_1_19' title="bbox 125 2323 1274 2406; baseline -0.002 -22"><span class='ocrx_word' id='word_1_178' title='bbox 125 2325 204 2395; x_wconf 84' lang='lat' dir='ltr'><strong>Quid</strong></span> <span class='ocrx_word' id='word_1_179' title='bbox 228 2344 298 2405; x_wconf 92' lang='lat' dir='ltr'><strong>ergo</strong></span> <span class='ocrx_word' id='word_1_180' title='bbox 321 2325 457 2405; x_wconf 86' lang='lat' dir='ltr'><strong>pluribus</strong></span> <span class='ocrx_word' id='word_1_181' title='bbox 481 2345 555 2406; x_wconf 93' lang='lat' dir='ltr'><strong>opus</strong></span> <span class='ocrx_word' id='word_1_182' title='bbox 580 2336 624 2387; x_wconf 89' lang='lat' dir='ltr'><strong>est</strong></span> <span class='ocrx_word' id='word_1_183' title='bbox 653 2324 773 2388; x_wconf 80' lang='lat' dir='ltr'><strong>verbis?</strong></span> <span class='ocrx_word' id='word_1_184' title='bbox 816 2325 879 2386; x_wconf 86' lang='lat' dir='ltr'><strong>Duo</strong></span> <span class='ocrx_word' id='word_1_185' title='bbox 908 2326 1082 2387; x_wconf 89' lang='lat' dir='ltr'><strong>statuendus</strong></span> <span class='ocrx_word' id='word_1_186' title='bbox 1110 2332 1156 2385; x_wconf 90' lang='lat' dir='ltr'><strong>est</strong></span> <span class='ocrx_word' id='word_1_187' title='bbox 1179 2323 1274 2383; x_wconf 87' lang='lat' dir='ltr'><strong>Theo·</strong></span> 
     </span>
     <span class='ocr_line' id='line_1_20' title="bbox 126 2431 1275 2514; baseline -0.002 -23"><span class='ocrx_word' id='word_1_188' title='bbox 126 2431 217 2492; x_wconf 90' lang='lat' dir='ltr'><strong>dorus</strong></span> <span class='ocrx_word' id='word_1_189' title='bbox 245 2432 472 2512; x_wconf 90' lang='lat' dir='ltr'><strong>Mopsuestenus</strong></span> <span class='ocrx_word' id='word_1_190' title='bbox 502 2436 658 2513; x_wconf 89' lang='lat' dir='ltr'><strong>scripsisse</strong></span> <span class='ocrx_word' id='word_1_191' title='bbox 692 2452 794 2514; x_wconf 86' lang='lat' dir='ltr'><strong>opera,</strong></span> <span class='ocrx_word' id='word_1_192' title='bbox 830 2433 956 2493; x_wconf 92' lang='lat' dir='ltr'><strong>alterum</strong></span> <span class='ocrx_word' id='word_1_193' title='bbox 989 2442 1092 2493; x_wconf 89' lang='lat' dir='ltr'><strong>contra</strong></span> <span class='ocrx_word' id='word_1_194' title='bbox 1120 2431 1275 2511; x_wconf 82' lang='lat' dir='ltr'><strong>lulianum,</strong></span> 
     </span>
     <span class='ocr_line' id='line_1_21' title="bbox 125 2537 1274 2620; baseline -0.001 -23"><span class='ocrx_word' id='word_1_195' title='bbox 125 2556 162 2598; x_wconf 83' lang='lat' dir='ltr'><strong>ex</strong></span> <span class='ocrx_word' id='word_1_196' title='bbox 193 2557 251 2617; x_wconf 90' lang='lat' dir='ltr'><strong>quo</strong></span> <span class='ocrx_word' id='word_1_197' title='bbox 280 2542 427 2619; x_wconf 82' lang='lat' dir='ltr'><strong>exscripta</strong></span> <span class='ocrx_word' id='word_1_198' title='bbox 457 2549 526 2601; x_wconf 95' lang='lat' dir='ltr'><strong>sunt</strong></span> <span class='ocrx_word' id='word_1_199' title='bbox 555 2542 718 2620; x_wconf 90' lang='lat' dir='ltr'><strong>fragmenta</strong></span> <span class='ocrx_word' id='word_1_200' title='bbox 746 2559 761 2600; x_wconf 96' lang='lat' dir='ltr'><strong>a</strong></span> <span class='ocrx_word' id='word_1_201' title='bbox 791 2540 945 2600; x_wconf 89' lang='lat' dir='ltr'><strong>Muentero</strong></span> <span class='ocrx_word' id='word_1_202' title='bbox 970 2540 1060 2620; x_wconf 79' lang='lat' dir='ltr'><strong>edita3</strong></span> <span class='ocrx_word' id='word_1_203' title='bbox 1089 2539 1181 2599; x_wconf 90' lang='lat' dir='ltr'><strong>altero</strong></span> <span class='ocrx_word' id='word_1_204' title='bbox 1209 2537 1274 2597; x_wconf 87' lang='lat' dir='ltr'><strong>illn-</strong></span> 
     </span>
     <span class='ocr_line' id='line_1_22' title="bbox 127 2647 768 2727; baseline 0.005 -23"><span class='ocrx_word' id='word_1_205' title='bbox 127 2648 232 2706; x_wconf 88' lang='lat' dir='ltr'><strong>stravit</strong></span> <span class='ocrx_word' id='word_1_206' title='bbox 255 2647 418 2707; x_wconf 89' lang='lat' dir='ltr'><strong>secundum</strong></span> <span class='ocrx_word' id='word_1_207' title='bbox 442 2647 552 2708; x_wconf 90' lang='lat' dir='ltr'><strong>Lucam</strong></span> <span class='ocrx_word' id='word_1_208' title='bbox 576 2647 768 2727; x_wconf 87' lang='lat' dir='ltr'><strong>evangelium.</strong></span> 
     </span>
    </p>

    <p class='ocr_par' dir='ltr' id='par_1_3' title="bbox 123 2751 1276 4539">
     <span class='ocr_line' id='line_1_23' title="bbox 214 2751 1275 2834; baseline -0.003 -21"><span class='ocrx_word' id='word_1_209' title='bbox 214 2753 342 2814; x_wconf 90' lang='lat' dir='ltr'><strong>Necesse</strong></span> <span class='ocrx_word' id='word_1_210' title='bbox 362 2764 459 2815; x_wconf 89' lang='lat' dir='ltr'><strong>autem</strong></span> <span class='ocrx_word' id='word_1_211' title='bbox 475 2764 520 2817; x_wconf 90' lang='lat' dir='ltr'><strong>est</strong></span> <span class='ocrx_word' id='word_1_212' title='bbox 539 2758 649 2834; x_wconf 88' lang='lat' dir='ltr'><strong>scripta</strong></span> <span class='ocrx_word' id='word_1_213' title='bbox 669 2757 707 2815; x_wconf 90' lang='lat' dir='ltr'><strong>sit</strong></span> <span class='ocrx_word' id='word_1_214' title='bbox 726 2773 760 2815; x_wconf 94' lang='lat' dir='ltr'><strong>ea</strong></span> <span class='ocrx_word' id='word_1_215' title='bbox 780 2755 814 2814; x_wconf 91' lang='lat' dir='ltr'><strong>de</strong></span> <span class='ocrx_word' id='word_1_216' title='bbox 831 2773 887 2833; x_wconf 87' lang='lat' dir='ltr'><strong>qua</strong></span> <span class='ocrx_word' id='word_1_217' title='bbox 907 2757 1021 2833; x_wconf 83' lang='lat' dir='ltr'><strong>agimus</strong></span> <span class='ocrx_word' id='word_1_218' title='bbox 1038 2755 1137 2832; x_wconf 90' lang='lat' dir='ltr'><strong>operis</strong></span> <span class='ocrx_word' id='word_1_219' title='bbox 1151 2751 1275 2811; x_wconf 88' lang='lat' dir='ltr'><strong>lulianei</strong></span> 
     </span>
     <span class='ocr_line' id='line_1_24' title="bbox 125 2858 1274 2941; baseline -0.001 -23"><span class='ocrx_word' id='word_1_220' title='bbox 125 2860 265 2920; x_wconf 89' lang='lat' dir='ltr'><strong>refutatio</strong></span> <span class='ocrx_word' id='word_1_221' title='bbox 289 2869 356 2921; x_wconf 90' lang='lat' dir='ltr'><strong>ante</strong></span> <span class='ocrx_word' id='word_1_222' title='bbox 376 2864 487 2923; x_wconf 82' lang='lat' dir='ltr'><strong>exitum</strong></span> <span class='ocrx_word' id='word_1_223' title='bbox 506 2865 575 2922; x_wconf 91' lang='lat' dir='ltr'><strong>anni</strong></span> <span class='ocrx_word' id='word_1_224' title='bbox 599 2858 754 2941; x_wconf 74' lang='lat' dir='ltr'><strong>428f429,</strong></span> <span class='ocrx_word' id='word_1_225' title='bbox 778 2880 837 2941; x_wconf 85' lang='lat' dir='ltr'><strong>quo</strong></span> <span class='ocrx_word' id='word_1_226' title='bbox 862 2869 997 2921; x_wconf 90' lang='lat' dir='ltr'><strong>mortuus</strong></span> <span class='ocrx_word' id='word_1_227' title='bbox 1022 2870 1067 2920; x_wconf 91' lang='lat' dir='ltr'><strong>ost</strong></span> <span class='ocrx_word' id='word_1_228' title='bbox 1090 2858 1274 2920; x_wconf 87' lang='lat' dir='ltr'><strong>Theodorus.</strong></span> 
     </span>
     <span class='ocr_line' id='line_1_25' title="bbox 125 2965 1274 3047; baseline 0 -22"><span class='ocrx_word' id='word_1_229' title='bbox 125 2966 221 3037; x_wconf 88' lang='lat' dir='ltr'><strong>Quem</strong></span> <span class='ocrx_word' id='word_1_230' title='bbox 241 2965 318 3026; x_wconf 91' lang='lat' dir='ltr'><strong>diem</strong></span> <span class='ocrx_word' id='word_1_231' title='bbox 338 2986 512 3047; x_wconf 90' lang='lat' dir='ltr'><strong>supremum</strong></span> <span class='ocrx_word' id='word_1_232' title='bbox 531 2968 640 3029; x_wconf 90' lang='lat' dir='ltr'><strong>obiisse</strong></span> <span class='ocrx_word' id='word_1_233' title='bbox 660 2979 727 3029; x_wconf 91' lang='lat' dir='ltr'><strong>ante</strong></span> <span class='ocrx_word' id='word_1_234' title='bbox 749 2972 860 3030; x_wconf 83' lang='lat' dir='ltr'><strong>exitum</strong></span> <span class='ocrx_word' id='word_1_235' title='bbox 880 2988 903 3029; x_wconf 93' lang='lat' dir='ltr'><strong>a.</strong></span> <span class='ocrx_word' id='word_1_236' title='bbox 919 2967 984 3030; x_wconf 78' lang='lat'><strong>428</strong></span> <span class='ocrx_word' id='word_1_237' title='bbox 1005 2970 1078 3029; x_wconf 83' lang='lat' dir='ltr'><strong>dixit</strong></span> <span class='ocrx_word' id='word_1_238' title='bbox 1092 2965 1274 3029; x_wconf 87' lang='lat' dir='ltr'><strong>Fritzschius</strong></span> 
     </span>
     <span class='ocr_line' id='line_1_26' title="bbox 124 3070 1275 3156; baseline 0 -24"><span class='ocrx_word' id='word_1_239' title='bbox 124 3091 153 3151; x_wconf 89' lang='lat' dir='ltr'><strong>p.</strong></span> <span class='ocrx_word' id='word_1_240' title='bbox 170 3070 199 3132; x_wconf 77' lang='lat'><strong>2.</strong></span> <span class='ocrx_word' id='word_1_241' title='bbox 236 3073 328 3134; x_wconf 88' lang='lat' dir='ltr'><strong>Cuius</strong></span> <span class='ocrx_word' id='word_1_242' title='bbox 347 3078 563 3154; x_wconf 88' lang='lat' dir='ltr'><strong>argumentatio</strong></span> <span class='ocrx_word' id='word_1_243' title='bbox 579 3095 646 3136; x_wconf 88' lang='lat' dir='ltr'><strong>oum</strong></span> <span class='ocrx_word' id='word_1_244' title='bbox 666 3077 728 3137; x_wconf 89' lang='lat' dir='ltr'><strong>fere</strong></span> <span class='ocrx_word' id='word_1_245' title='bbox 748 3076 858 3156; x_wconf 88' lang='lat' dir='ltr'><strong>uhique</strong></span> <span class='ocrx_word' id='word_1_246' title='bbox 879 3077 1052 3156; x_wconf 88' lang='lat' dir='ltr'><strong>corrigenda</strong></span> <span class='ocrx_word' id='word_1_247' title='bbox 1068 3083 1098 3136; x_wconf 91' lang='lat' dir='ltr'><strong>et</strong></span> <span class='ocrx_word' id='word_1_248' title='bbox 1112 3073 1275 3154; x_wconf 87' lang='lat' dir='ltr'><strong>supplenda</strong></span> 
     </span>
     <span class='ocr_line' id='line_1_27' title="bbox 125 3178 1274 3258; baseline 0.002 -21"><span class='ocrx_word' id='word_1_249' title='bbox 125 3180 173 3258; x_wconf 83' lang='lat' dir='ltr'><strong>sit,</strong></span> <span class='ocrx_word' id='word_1_250' title='bbox 197 3178 294 3239; x_wconf 91' lang='lat' dir='ltr'><strong>denuo</strong></span> <span class='ocrx_word' id='word_1_251' title='bbox 318 3183 452 3257; x_wconf 88' lang='lat' dir='ltr'><strong>quaestio</strong></span> <span class='ocrx_word' id='word_1_252' title='bbox 476 3189 522 3241; x_wconf 90' lang='lat' dir='ltr'><strong>est</strong></span> <span class='ocrx_word' id='word_1_253' title='bbox 546 3181 736 3242; x_wconf 82' lang='lat' dir='ltr'><strong>instituenda.</strong></span> <span class='ocrx_word' id='word_1_254' title='bbox 773 3181 908 3242; x_wconf 92' lang='lat' dir='ltr'><strong>Positum</strong></span> <span class='ocrx_word' id='word_1_255' title='bbox 937 3190 1035 3242; x_wconf 91' lang='lat' dir='ltr'><strong>autem</strong></span> <span class='ocrx_word' id='word_1_256' title='bbox 1064 3191 1109 3242; x_wconf 88' lang='lat' dir='ltr'><strong>est</strong></span> <span class='ocrx_word' id='word_1_257' title='bbox 1138 3182 1274 3258; x_wconf 82' lang='lat' dir='ltr'><strong>disquisi-</strong></span> 
     </span>
     <span class='ocr_line' id='line_1_28' title="bbox 125 3284 1274 3370; baseline 0.001 -25"><span class='ocrx_word' id='word_1_258' title='bbox 125 3287 216 3345; x_wconf 90' lang='lat' dir='ltr'><strong>tionis</strong></span> <span class='ocrx_word' id='word_1_259' title='bbox 248 3285 473 3347; x_wconf 91' lang='lat' dir='ltr'><strong>fundamentum</strong></span> <span class='ocrx_word' id='word_1_260' title='bbox 501 3289 530 3347; x_wconf 90' lang='lat' dir='ltr'><strong>in</strong></span> <span class='ocrx_word' id='word_1_261' title='bbox 562 3286 627 3347; x_wconf 94' lang='lat' dir='ltr'><strong>loco</strong></span> <span class='ocrx_word' id='word_1_262' title='bbox 656 3288 836 3349; x_wconf 81' lang='lat' dir='ltr'><strong>Theodoreti</strong></span> <span class='ocrx_word' id='word_1_263' title='bbox 861 3288 887 3349; x_wconf 93' lang='lat' dir='ltr'><strong>h.</strong></span> <span class='ocrx_word' id='word_1_264' title='bbox 912 3309 936 3349; x_wconf 93' lang='lat' dir='ltr'><strong>e.</strong></span> <span class='ocrx_word' id='word_1_265' title='bbox 961 3289 984 3346; x_wconf 90' lang='lat' dir='ltr'>V</span> <span class='ocrx_word' id='word_1_266' title='bbox 1007 3287 1051 3349; x_wconf 82' lang='lat'><strong>40</strong></span> <span class='ocrx_word' id='word_1_267' title='bbox 1074 3284 1116 3370; x_wconf 91' lang='lat' dir='ltr'><strong>(p.</strong></span> <span class='ocrx_word' id='word_1_268' title='bbox 1140 3284 1206 3348; x_wconf 83' lang='lat'><strong>495</strong></span> <span class='ocrx_word' id='word_1_269' title='bbox 1230 3287 1274 3346; x_wconf 89' lang='lat' dir='ltr'><strong>ed.</strong></span> 
     </span>
     <span class='ocr_line' id='line_1_29' title="bbox 125 3388 1276 3474; baseline 0.002 -23"><span class='ocrx_word' id='word_1_270' title='bbox 125 3388 289 3474; x_wconf 85' lang='lat' dir='ltr'><strong>Gaisford)‚</strong></span> <span class='ocrx_word' id='word_1_271' title='bbox 317 3410 376 3471; x_wconf 85' lang='lat' dir='ltr'><strong>quo</strong></span> <span class='ocrx_word' id='word_1_272' title='bbox 400 3391 508 3470; x_wconf 84' lang='lat' dir='ltr'><strong>quibus</strong></span> <span class='ocrx_word' id='word_1_273' title='bbox 536 3394 720 3473; x_wconf 88' lang='lat' dir='ltr'><strong>temporibus</strong></span> <span class='ocrx_word' id='word_1_274' title='bbox 744 3404 843 3474; x_wconf 86' lang='lat' dir='ltr'><strong>gestae</strong></span> <span class='ocrx_word' id='word_1_275' title='bbox 872 3403 974 3455; x_wconf 89' lang='lat' dir='ltr'><strong>esseut</strong></span> <span class='ocrx_word' id='word_1_276' title='bbox 996 3413 1045 3456; x_wconf 91' lang='lat' dir='ltr'><strong>res</strong></span> <span class='ocrx_word' id='word_1_277' title='bbox 1074 3413 1147 3474; x_wconf 90' lang='lat' dir='ltr'><strong>quas</strong></span> <span class='ocrx_word' id='word_1_278' title='bbox 1175 3401 1276 3453; x_wconf 89' lang='lat' dir='ltr'><strong>narrat</strong></span> 
     </span>
     <span class='ocr_line' id='line_1_30' title="bbox 127 3496 1275 3582; baseline 0.002 -25"><span class='ocrx_word' id='word_1_279' title='bbox 127 3498 276 3559; x_wconf 88' lang='lat' dir='ltr'><strong>indicavit.</strong></span> <span class='ocrx_word' id='word_1_280' title='bbox 314 3496 418 3559; x_wconf 87' lang='grc' dir='ltr'>Πέντε</span> <span class='ocrx_word' id='word_1_281' title='bbox 443 3499 564 3576; x_wconf 84' lang='grc' dir='ltr'>μέντοι,</span> <span class='ocrx_word' id='word_1_282' title='bbox 589 3503 694 3582; x_wconf 84' lang='lat' dir='ltr'><strong>inquit,</strong></span> <span class='ocrx_word' id='word_1_283' title='bbox 717 3499 767 3561; x_wconf 84' lang='grc' dir='ltr'><strong>καὶ</strong></span> <span class='ocrx_word' id='word_1_284' title='bbox 787 3499 903 3563; x_wconf 87' lang='grc' dir='ltr'>ἑκατὸν</span> <span class='ocrx_word' id='word_1_285' title='bbox 926 3500 1009 3563; x_wconf 79' lang='grc' dir='ltr'>ἐτῶν</span> <span class='ocrx_word' id='word_1_286' title='bbox 1032 3500 1089 3578; x_wconf 85' lang='grc' dir='ltr'><strong>ἥδε</strong></span> <span class='ocrx_word' id='word_1_287' title='bbox 1113 3500 1131 3577; x_wconf 85' lang='grc' dir='ltr'>ἡ</span> <span class='ocrx_word' id='word_1_288' title='bbox 1155 3497 1275 3575; x_wconf 81' lang='grc' dir='ltr'>ἱετορία</span> 
     </span>
     <span class='ocr_line' id='line_1_31' title="bbox 124 3591 1275 3688; baseline 0.003 -23"><span class='ocrx_word' id='word_1_289' title='bbox 124 3604 266 3680; x_wconf 85' lang='grc' dir='ltr'>περιέχει</span> <span class='ocrx_word' id='word_1_290' title='bbox 291 3591 423 3680; x_wconf 80' lang='grc' dir='ltr'>χρόνου·</span> <span class='ocrx_word' id='word_1_291' title='bbox 447 3602 605 3684; x_wconf 80' lang='grc' dir='ltr'>ἀρξαμένη</span> <span class='ocrx_word' id='word_1_292' title='bbox 629 3606 688 3684; x_wconf 82' lang='grc' dir='ltr'><strong>μὲν</strong></span> <span class='ocrx_word' id='word_1_293' title='bbox 711 3605 776 3669; x_wconf 87' lang='grc' dir='ltr'><strong>ἀπὸ</strong></span> <span class='ocrx_word' id='word_1_294' title='bbox 800 3612 856 3685; x_wconf 78' lang='grc' dir='ltr'><strong>τῆ(</strong></span> <span class='ocrx_word' id='word_1_295' title='bbox 880 3604 1004 3685; x_wconf 85' lang='grc' dir='ltr'>Ἀρείου</span> <span class='ocrx_word' id='word_1_296' title='bbox 1028 3607 1156 3688; x_wconf 82' lang='grc' dir='ltr'>λύττηε,</span> <span class='ocrx_word' id='word_1_297' title='bbox 1184 3610 1275 3669; x_wconf 79' lang='grc' dir='ltr'>δεξα-</span> 
     </span>
     <span class='ocr_line' id='line_1_32' title="bbox 124 3709 1274 3792; baseline 0 -18"><span class='ocrx_word' id='word_1_298' title='bbox 124 3709 203 3788; x_wconf 89' lang='grc' dir='ltr'>μένη</span> <span class='ocrx_word' id='word_1_299' title='bbox 228 3710 263 3772; x_wconf 78' lang='grc' dir='ltr'><strong>δὲ</strong></span> <span class='ocrx_word' id='word_1_300' title='bbox 286 3711 387 3787; x_wconf 79' lang='grc' dir='ltr'>πέρα(</span> <span class='ocrx_word' id='word_1_301' title='bbox 409 3714 474 3773; x_wconf 87' lang='grc' dir='ltr'><strong>τῶν</strong></span> <span class='ocrx_word' id='word_1_302' title='bbox 498 3710 691 3776; x_wconf 83' lang='grc' dir='ltr'>ἀξιεπαίνων</span> <span class='ocrx_word' id='word_1_303' title='bbox 715 3712 852 3792; x_wconf 80' lang='grc' dir='ltr'>ἀνδρῶν,</span> <span class='ocrx_word' id='word_1_304' title='bbox 882 3714 1056 3791; x_wconf 81' lang='grc' dir='ltr'>Θεοδώρου</span> <span class='ocrx_word' id='word_1_305' title='bbox 1080 3713 1131 3775; x_wconf 87' lang='grc' dir='ltr'><strong>καὶ</strong></span> <span class='ocrx_word' id='word_1_306' title='bbox 1154 3711 1274 3776; x_wconf 79' lang='grc' dir='ltr'>Θεοδό-</span> 
     </span>
     <span class='ocr_line' id='line_1_33' title="bbox 123 3817 1273 3900; baseline 0.001 -21"><span class='ocrx_word' id='word_1_307' title='bbox 123 3837 182 3880; x_wconf 87' lang='grc' dir='ltr'><strong>του</strong></span> <span class='ocrx_word' id='word_1_308' title='bbox 201 3817 260 3894; x_wconf 86' lang='grc' dir='ltr'><strong>τὴν</strong></span> <span class='ocrx_word' id='word_1_309' title='bbox 279 3819 440 3896; x_wconf 86' lang='grc' dir='ltr'>τελευτήν.</span> <span class='ocrx_word' id='word_1_310' title='bbox 473 3820 561 3881; x_wconf 85' lang='lat' dir='ltr'><strong>Duxit</strong></span> <span class='ocrx_word' id='word_1_311' title='bbox 580 3823 670 3900; x_wconf 88' lang='lat' dir='ltr'><strong>igitur</strong></span> <span class='ocrx_word' id='word_1_312' title='bbox 690 3825 889 3883; x_wconf 89' lang='lat' dir='ltr'><strong>narrationem</strong></span> <span class='ocrx_word' id='word_1_313' title='bbox 909 3841 925 3882; x_wconf 92' lang='lat' dir='ltr'><strong>a</strong></span> <span class='ocrx_word' id='word_1_314' title='bbox 944 3822 1035 3882; x_wconf 90' lang='lat' dir='ltr'><strong>rebus</strong></span> <span class='ocrx_word' id='word_1_315' title='bbox 1055 3823 1177 3881; x_wconf 85' lang='lat' dir='ltr'><strong>Arianis.</strong></span> <span class='ocrx_word' id='word_1_316' title='bbox 1214 3821 1273 3880; x_wconf 87' lang='lat' dir='ltr'><strong>lam</strong></span> 
     </span>
     <span class='ocr_line' id='line_1_34' title="bbox 125 3922 1276 4010; baseline 0.003 -25"><span class='ocrx_word' id='word_1_317' title='bbox 125 3944 196 3985; x_wconf 88' lang='lat' dir='ltr'><strong>vero</strong></span> <span class='ocrx_word' id='word_1_318' title='bbox 220 3928 250 3986; x_wconf 90' lang='lat' dir='ltr'><strong>in</strong></span> <span class='ocrx_word' id='word_1_319' title='bbox 275 3926 408 3986; x_wconf 89' lang='lat' dir='ltr'><strong>eiusdem</strong></span> <span class='ocrx_word' id='word_1_320' title='bbox 432 3930 531 4006; x_wconf 88' lang='lat' dir='ltr'><strong>operis</strong></span> <span class='ocrx_word' id='word_1_321' title='bbox 555 3930 737 4008; x_wconf 90' lang='lat' dir='ltr'><strong>praefatione</strong></span> <span class='ocrx_word' id='word_1_322' title='bbox 763 3923 803 4009; x_wconf 87' lang='lat' dir='ltr'><strong>(h.</strong></span> <span class='ocrx_word' id='word_1_323' title='bbox 828 3949 853 3989; x_wconf 89' lang='lat' dir='ltr'><strong>e.</strong></span> <span class='ocrx_word' id='word_1_324' title='bbox 873 3927 922 3990; x_wconf 90' lang='grc'><strong>11</strong></span> <span class='ocrx_word' id='word_1_325' title='bbox 949 3950 977 4009; x_wconf 90' lang='lat' dir='ltr'><strong>p.</strong></span> <span class='ocrx_word' id='word_1_326' title='bbox 1001 3928 1022 3990; x_wconf 80' lang='lat'><strong>2</strong></span> <span class='ocrx_word' id='word_1_327' title='bbox 1046 3930 1090 3989; x_wconf 89' lang='lat' dir='ltr'><strong>ed.</strong></span> <span class='ocrx_word' id='word_1_328' title='bbox 1115 3922 1276 4010; x_wconf 85' lang='lat' dir='ltr'><strong>Gaisford),</strong></span> 
     </span>
     <span class='ocr_line' id='line_1_35' title="bbox 124 4028 1274 4114; baseline 0.002 -21"><span class='ocrx_word' id='word_1_329' title='bbox 124 4029 271 4109; x_wconf 83' lang='grc' dir='ltr'>Εὐεέβιοε</span> <span class='ocrx_word' id='word_1_330' title='bbox 291 4030 347 4106; x_wconf 82' lang='grc' dir='ltr'><strong>μὲν</strong></span> <span class='ocrx_word' id='word_1_331' title='bbox 367 4028 434 4107; x_wconf 80' lang='grc' dir='ltr'>οὖν,</span> <span class='ocrx_word' id='word_1_332' title='bbox 458 4035 561 4114; x_wconf 86' lang='lat' dir='ltr'><strong>inquit,</strong></span> <span class='ocrx_word' id='word_1_333' title='bbox 586 4031 604 4094; x_wconf 92' lang='grc' dir='ltr'>ὁ</span> <span class='ocrx_word' id='word_1_334' title='bbox 624 4033 836 4096; x_wconf 80' lang='grc' dir='ltr'>Παλαιττινὸε</span> <span class='ocrx_word' id='word_1_335' title='bbox 855 4032 920 4097; x_wconf 90' lang='grc' dir='ltr'><strong>ἀπὸ</strong></span> <span class='ocrx_word' id='word_1_336' title='bbox 939 4037 1005 4097; x_wconf 84' lang='grc' dir='ltr'><strong>τῶν</strong></span> <span class='ocrx_word' id='word_1_337' title='bbox 1024 4034 1119 4111; x_wconf 83' lang='grc' dir='ltr'>ἱερῶν</span> <span class='ocrx_word' id='word_1_338' title='bbox 1139 4032 1274 4097; x_wconf 81' lang='grc' dir='ltr'>ἀποετό-</span> 
     </span>
     <span class='ocr_line' id='line_1_36' title="bbox 125 4135 1275 4220; baseline 0.003 -19"><span class='ocrx_word' id='word_1_339' title='bbox 125 4141 193 4201; x_wconf 87' lang='grc' dir='ltr'><strong>λων</strong></span> <span class='ocrx_word' id='word_1_340' title='bbox 216 4141 272 4215; x_wconf 81' lang='grc' dir='ltr'><strong>τῆ(</strong></span> <span class='ocrx_word' id='word_1_341' title='bbox 295 4135 432 4214; x_wconf 82' lang='grc' dir='ltr'>ἱετορίαε</span> <span class='ocrx_word' id='word_1_342' title='bbox 451 4136 627 4215; x_wconf 69' lang='grc' dir='ltr'>ἀρξάμενος</span> <span class='ocrx_word' id='word_1_343' title='bbox 651 4141 741 4217; x_wconf 86' lang='grc' dir='ltr'>μέχρι</span> <span class='ocrx_word' id='word_1_344' title='bbox 764 4145 819 4218; x_wconf 81' lang='grc' dir='ltr'><strong>τῆ(</strong></span> <span class='ocrx_word' id='word_1_345' title='bbox 840 4141 1078 4205; x_wconf 80' lang='grc' dir='ltr'>Κωντταιιτίνου</span> <span class='ocrx_word' id='word_1_346' title='bbox 1102 4144 1275 4220; x_wconf 68' lang='grc' dir='ltr'>θεοφιλοῦς</span> 
     </span>
     <span class='ocr_line' id='line_1_37' title="bbox 126 4243 1274 4326; baseline 0.003 -19"><span class='ocrx_word' id='word_1_347' title='bbox 126 4243 284 4324; x_wconf 69' lang='lat' dir='ltr'><strong>Baccheia(</strong></span> <span class='ocrx_word' id='word_1_348' title='bbox 310 4243 351 4306; x_wconf 90' lang='grc' dir='ltr'><strong>τὰ</strong></span> <span class='ocrx_word' id='word_1_349' title='bbox 373 4248 443 4308; x_wconf 68' lang='grc' dir='ltr'>ταῖς</span> <span class='ocrx_word' id='word_1_350' title='bbox 467 4245 640 4323; x_wconf 63' lang='lat' dir='ltr'><strong>extinctae</strong></span> <span class='ocrx_word' id='word_1_351' title='bbox 664 4246 879 4326; x_wconf 79' lang='grc' dir='ltr'>ευμβεβηκότα</span> <span class='ocrx_word' id='word_1_352' title='bbox 903 4249 1116 4325; x_wconf 81' lang='grc' dir='ltr'>ευιιέγραψεν·</span> <span class='ocrx_word' id='word_1_353' title='bbox 1144 4248 1210 4324; x_wconf 82' lang='grc' dir='ltr'><strong>ἐγὼ</strong></span> <span class='ocrx_word' id='word_1_354' title='bbox 1239 4249 1274 4311; x_wconf 83' lang='grc' dir='ltr'><strong>δὲ</strong></span> 
     </span>
     <span class='ocr_line' id='line_1_38' title="bbox 124 4351 1274 4435; baseline 0.005 -22"><span class='ocrx_word' id='word_1_355' title='bbox 124 4356 181 4429; x_wconf 80' lang='grc' dir='ltr'><strong>τῆ(</strong></span> <span class='ocrx_word' id='word_1_356' title='bbox 205 4355 391 4429; x_wconf 80' lang='grc' dir='ltr'>(υγγροιφῆε</span> <span class='ocrx_word' id='word_1_357' title='bbox 416 4351 538 4429; x_wconf 80' lang='grc' dir='ltr'>ἐκείνη(</span> <span class='ocrx_word' id='word_1_358' title='bbox 561 4353 599 4415; x_wconf 88' lang='grc' dir='ltr'><strong>τὸ</strong></span> <span class='ocrx_word' id='word_1_359' title='bbox 622 4353 715 4416; x_wconf 69' lang='grc' dir='ltr'>τέλος</span> <span class='ocrx_word' id='word_1_360' title='bbox 734 4352 836 4432; x_wconf 88' lang='grc' dir='ltr'>ἀρχὴν</span> <span class='ocrx_word' id='word_1_361' title='bbox 860 4359 914 4432; x_wconf 83' lang='grc' dir='ltr'><strong>τῆε</strong></span> <span class='ocrx_word' id='word_1_362' title='bbox 938 4353 1074 4432; x_wconf 81' lang='grc' dir='ltr'>ἱετορίαε</span> <span class='ocrx_word' id='word_1_363' title='bbox 1098 4357 1274 4435; x_wconf 82' lang='grc' dir='ltr'>ποιήεομαι.</span> 
     </span>
     <span class='ocr_line' id='line_1_39' title="bbox 125 4459 1276 4539; baseline 0.002 -17"><span class='ocrx_word' id='word_1_364' title='bbox 125 4459 242 4531; x_wconf 85' lang='lat' dir='ltr'><strong>Quibus</strong></span> <span class='ocrx_word' id='word_1_365' title='bbox 265 4459 363 4520; x_wconf 85' lang='lat' dir='ltr'><strong>verbis</strong></span> <span class='ocrx_word' id='word_1_366' title='bbox 387 4478 455 4520; x_wconf 77' lang='lat' dir='ltr'><strong>cerm</strong></span> <span class='ocrx_word' id='word_1_367' title='bbox 484 4469 589 4539; x_wconf 89' lang='lat' dir='ltr'><strong>putare</strong></span> <span class='ocrx_word' id='word_1_368' title='bbox 617 4470 752 4524; x_wconf 81' lang='lat' dir='ltr'><strong>vetemur</strong></span> <span class='ocrx_word' id='word_1_369' title='bbox 784 4465 885 4523; x_wconf 91' lang='lat' dir='ltr'><strong>iniisse</strong></span> <span class='ocrx_word' id='word_1_370' title='bbox 910 4462 1131 4524; x_wconf 87' lang='lat' dir='ltr'><strong>Theodoretum</strong></span> <span class='ocrx_word' id='word_1_371' title='bbox 1155 4474 1276 4525; x_wconf 87' lang='lat' dir='ltr'><strong>centum</strong></span> 
     </span>
    </p>
   </div>
   <div class='ocr_carea' id='block_1_3' title="bbox 0 0 1472 5040">
    <p class='ocr_par' dir='ltr' id='par_1_4' title="bbox 0 0 1472 5040">
     <span class='ocr_line' id='line_1_40' title="bbox 0 0 1472 5040; baseline 0 0"><span class='ocrx_word' id='word_1_372' title='bbox 0 0 1472 5040; x_wconf 95' lang='lat' dir='ltr'><strong> </strong></span> 
     </span>
    </p>
   </div>
  </div>
 </body>
</html>
