2926 5040
146 304 189 368 38
653 306 745 376 Caput
761 307 782 361 Ι.

145 478 235 532 erunt
258 472 448 553 adferendae,
476 491 629 552 europus
658 475 717 533 iam
739 471 854 552 pridem
885 473 1029 553 scriptum
1053 473 1155 534 loanni
1185 477 1306 536 miserit

145 577 281 658 cyrillus,
319 577 419 651 Quid?
452 579 537 651 Quod
560 582 654 668 ipsius
678 578 779 659 Cyrilli
803 579 1014 659 comprobatur
1043 581 1143 642 verbis
1171 584 1305 661 scriptos

147 703 213 744 esse
233 703 257 745 c.
277 685 329 746 lul.
353 685 446 746 libros
465 694 532 765 post
556 685 726 746 damnatum
745 685 876 746 Nestorii
895 684 1051 747 errorem?
1087 687 1196 767 Pagina
1222 691 1306 750 enim

148 789 255 872 279E,
280 791 330 853 ubi
353 793 390 853 de
413 793 528 853 duabus
552 795 668 854 naturis
692 795 800 853 mirum
828 795 859 853 in
882 792 1005 853 modum
1034 795 1064 853 in
1089 794 1207 855 Christo
1233 814 1306 856 con·

147 901 257 960 iunctis
281 899 372 959 verba
394 900 529 982 fecisset,
556 898 607 961 καὶ
635 898 672 961 τὸ
697 896 851 977 ἀπιετεῐν,
875 902 987 981 inquit,
1016 898 1075 962 οὐκ
1098 895 1232 978 ἀζήμιον
1255 898 1307 964 olc

148 1001 187 1067 ἂν
211 1004 338 1080 λέγοιτο
363 1007 443 1081 δρᾶν
467 1000 522 1090 (sc.
542 1003 561 1067 ὁ
584 1003 690 1068 πάντα
713 1003 858 1088 ἰεχύων),
882 1004 941 1069 κᾶν
966 1003 1055 1084 εἴπερ
1078 1025 1125 1089 τῳ
1154 1011 1233 1091 δοκῇ
1262 1009 1306 1086 μὴ

149 1110 225 1174 εὐθὺ
249 1112 400 1189 otonem
424 1115 482 1174 τοῦ
503 1110 632 1176 εἰκότος.
671 1115 731 1174 lam
751 1133 820 1174 vero
842 1133 879 1175 ne
899 1114 929 1175 id
949 1115 1068 1193 quidem
1092 1117 1164 1176 satis
1187 1116 1307 1176 intelle·

147 1239 218 1299 gere
247 1240 383 1301 possum,
416 1222 564 1300 quomodo
597 1222 707 1282 factum
740 1223 792 1301 sit,
822 1229 857 1282 ut
889 1224 963 1282 tanti
995 1224 1094 1301 operis
1125 1223 1309 1284 conficiendi
1349 1277 1356 1284 .

148 1329 242 1387 otium
266 1330 453 1406 contingeret
472 1327 580 1407 Cyrillo
605 1335 672 1388 ante
692 1342 801 1388 annum
820 1324 896 1408 435,
920 1348 979 1408 quo
999 1330 1117 1390 sedatae
1137 1337 1209 1390 sunt
1233 1348 1308 1409 pau·

146 1434 238 1512 lisper
257 1436 477 1494 controversiae
495 1433 560 1494 illae
580 1436 668 1495 nimis
689 1434 886 1495 turbulentae.
924 1435 1009 1505 Quod
1030 1438 1055 1497 si
1073 1445 1177 1516 postea
1205 1439 1304 1517 scrip·

150 1550 213 1601 tum
233 1560 299 1600 esse
325 1543 491 1621 statuimus,
511 1544 598 1601 etiam
618 1541 647 1601 id
666 1542 826 1623 lucramur,
846 1550 879 1602 ut
899 1560 979 1603 nunc
999 1543 1085 1623 plane
1104 1542 1307 1626 intellegatur,

151 1646 260 1726 quibus
284 1649 382 1708 causis
405 1655 559 1727 permotus
583 1666 741 1726 aggressus
765 1651 804 1709 sit
827 1648 954 1727 Cyrillus
978 1650 1082 1710 luliani
1108 1648 1202 1710 libros
1226 1651 1309 1710 relu-

151 1761 223 1833 tare,
242 1755 293 1831 qui
314 1772 348 1813 eo
368 1764 502 1834 tempore
518 1773 554 1815 ne
575 1754 749 1833 legebantur
764 1757 885 1833 quidem
900 1758 1035 1839 amplius,
1054 1760 1079 1818 si
1095 1756 1310 1837 chrysostomo

151 1862 274 1921 credere
294 1861 338 1920 fas
358 1872 411 1922 est.
444 1861 542 1921 Novae
562 1864 641 1922 enim
662 1881 738 1921 anno
756 1859 822 1924 435
843 1873 963 1924 exortae
983 1873 1068 1925 erant
1086 1866 1311 1925 controversiae

151 1968 188 2027 de
208 1967 291 2027 libris
311 1967 460 2028 Theodori
474 1968 676 2048 Mopsuesteni
696 1959 840 2048 principis
860 1970 978 2031 scholae
993 1971 1203 2051 Antiochense,
1222 1973 1312 2032 cuius

152 2075 263 2135 assecla
287 2075 384 2135 fuerat
402 2078 466 2154 ipse
485 2075 650 2156 Nestorius,
674 2076 760 2135 cuius
784 2075 877 2135 libros
903 2076 1075 2137 lectitabant
1095 2078 1146 2154 qui
1169 2077 1312 2138 haeresin

152 2181 322 2260 relinquere
352 2181 491 2242 nolebant
518 2181 733 2242 Nestorlanam.
775 2182 872 2260 Atque
902 2201 978 2243 anno
1001 2180 1068 2244 435
1097 2183 1223 2244 concilio
1248 2185 1310 2245 An-

152 2288 291 2349 tiocheno
320 2297 419 2349 actum
448 2298 494 2349 est
521 2288 558 2348 de
586 2288 670 2349 libris
694 2282 885 2369 Theodori,¹)
919 2298 1021 2350 contra
1049 2307 1137 2368 quem
1164 2290 1313 2371 Cyrillum

154 2396 259 2456 eodem
278 2398 421 2475 temporis
441 2403 591 2456 momento
606 2402 723 2455 constat
741 2394 833 2454 libros
853 2401 915 2454 tres
930 2397 1094 2474 scripsisse.
1130 2397 1178 2457 Nil
1197 2400 1312 2460 mirum

153 2504 245 2581 igitur
264 2502 406 2580 Cyrillum
426 2504 514 2561 etiam
534 2502 569 2562 ad
588 2520 692 2562 eorum
715 2500 861 2561 librorum
879 2510 951 2562 tunc
970 2504 1105 2564 notitiam
1123 2507 1311 2589 pervenisse,

155 2607 264 2686 quibus
283 2608 389 2667 Iuliani
407 2607 499 2667 libros
519 2609 649 2668 refutare
664 2608 820 2668 studuerat
837 2608 886 2668 ille
902 2611 1114 2687 quinquaginta
1135 2610 1197 2670 lere
1218 2614 1310 2673 annis

154 2725 231 2775 ante.
268 2714 372 2794 Neque
396 2715 461 2775 fieri
484 2717 626 2796 potuisse,
650 2716 722 2793 quin
745 2717 775 2774 in
799 2717 836 2774 iis
856 2732 974 2793 quoque
993 2725 1150 2793 appareret
1168 2717 1310 2778 doctrina

155 2820 273 2883 scholae
297 2822 496 2882 Antiochenae
516 2839 605 2900 supra
625 2822 825 2899 exposuimus.
866 2821 957 2881 Cuius
980 2821 1047 2881 odio
1067 2839 1134 2882 cum
1157 2823 1312 2907 flagraret,

155 2929 323 2990 censendus
347 2938 392 2988 est
415 2927 541 3007 Cyrillus
565 2930 740 3007 opposuisse
765 2928 913 2988 Theodori
936 2927 1081 2988 librorum
1105 2928 1311 2991 lulianeorum

156 3037 328 3098 refutationi
350 3035 442 3096 libros
462 3053 541 3116 suos,
565 3037 616 3113 qui
635 3043 734 3095 rectae
753 3035 821 3094 fidei
841 3053 911 3114 prae
935 3053 966 3095 se
986 3036 1088 3097 ferunt
1107 3035 1310 3099 defensorem.

156 3251 302 3331 homines,
321 3251 372 3328 qui
392 3247 584 3308 Alexandriae
604 3249 691 3307 etiam
711 3257 776 3308 tum
794 3246 1022 3307 inveniebantur
1040 3266 1056 3307 a
1071 3247 1313 3310 Christianorum

157 3357 301 3436 religione
326 3356 422 3415 alieni.
455 3353 686 3415 Inveniebantur
714 3357 777 3414 sine
806 3353 904 3414 dubio.
943 3354 1059 3424 Quanta
1082 3358 1161 3415 enim
1185 3374 1244 3416 non
1269 3355 1313 3417 it'a

158 3465 259 3526 multis
283 3465 367 3522 annis
387 3469 454 3523 ante
480 3463 575 3522 fuerat
595 3461 736 3541 Hypatiae
760 3460 928 3521 admiratio!
964 3463 1004 3522 Ac
1028 3471 1095 3541 post
1114 3480 1224 3522 annum
1242 3459 1314 3524 435

160 3581 264 3631 vacare
289 3578 369 3630 tanto
394 3571 478 3649 operi
506 3572 562 3629 iam
587 3587 677 3648 supra
701 3570 860 3629 memoravi
884 3567 1024 3647 Cyrillum
1056 3568 1139 3628 facile
1168 3571 1315 3652 potuisse,

159 3680 245 3739 euius
273 3679 356 3757 prior
384 3685 465 3737 certe
490 3677 577 3736 decas
600 3676 732 3755 perfecta
756 3675 811 3735 luit
839 3673 1020 3735 sinezduluo
1048 3693 1125 3735 anno
1152 3671 1232 3758 441,
1260 3680 1316 3756 qui

158 3787 276 3847 loannis
300 3786 375 3844 vitae
399 3792 463 3844 erat
488 3792 647 3844 extremus,

247 3891 308 3952 lam
327 3909 397 3950 vero
416 3893 446 3951 in
467 3890 619 3951 codicibus
639 3908 726 3950 mann
747 3890 867 3968 scriptis
887 3890 971 3967 quini
990 3887 1090 3968 Cyrilli
1113 3888 1181 3949 libri
1201 3891 1316 3952 artiore

160 4000 288 4079 quodam
311 3998 429 4058 vinculo
449 4000 527 4058 inter
546 4017 577 4058 se
595 3999 746 4059 coniuncti
766 4005 849 4076 sunt,
873 4013 942 4054 nam
966 3997 1049 4074 quini
1067 3991 1158 4071 τόμοι
1178 3997 1317 4060 efficiunt

163 4126 256 4168 imum
281 4101 410 4183 βιβλίον.
447 4103 490 4164 lta
514 4123 563 4164 res
587 4111 633 4165 est
655 4105 686 4164 in
706 4104 818 4182 optimo
839 4101 941 4162 codice
960 4100 1048 4162 Marc.
1071 4098 1133 4162 123
1157 4100 1317 4167 sec'xlli.

160 4299 372 4309 ..ι-...ῃ

237 4438 261 4503 1)
281 4436 322 4491 cf.
343 4436 435 4490 Mansi
453 4435 478 4488 V
497 4454 524 4505 p.
545 4440 613 4489 1181
624 4453 664 4503 sq.
755 4460 759 4466 ·
