2926 5040
144 330 163 390 8
655 327 745 397 Caput
763 328 783 382 I.

104 467 110 480 ί
144 499 183 557 sit
205 495 294 577 nulla,
318 497 353 557 ad
377 493 532 554 arbitrium
557 511 620 553 rem
645 495 740 572 egisse
764 493 973 572 Theophanem
1003 494 1032 552 in
1058 511 1134 551 anno
1159 492 1294 570 eligendo

144 602 229 682 plane
254 610 383 681 apparet.

233 709 293 768 lam
313 727 382 768 vero
403 709 469 786 quis
489 709 604 786 estqui
627 709 740 767 nesciat
758 706 862 767 Iuliani
881 707 917 766 de
938 707 1046 785 quibus
1064 708 1178 784 agimus
1201 707 1295 767 libros

137 818 179 878 aad
209 824 340 876 nostram
368 833 428 874 non
461 815 632 892 pervenisse
665 809 813 873 aetatem?
849 812 1032 874 Interiorunt
1064 821 1162 873 autem
1191 812 1294 873 eadem

145 925 259 984 ratione
279 941 312 982 ac
332 922 425 982 ceteri
448 920 529 999 libri,
553 939 628 999 quos
646 919 779 999 perditos
800 938 864 980 esse
885 919 967 980 valde
986 919 1136 1000 lugemus3
1160 923 1211 998 qui
1231 923 1294 1000 qui-

146 1033 213 1092 dem
237 1031 391 1090 maximam
410 1036 525 1107 partem
545 1046 580 1087 eo
599 1029 763 1106 perierunt,
786 1026 865 1107 quod
885 1029 1038 1106 occupatis
1057 1027 1210 1087 bominum
1234 1031 1295 1088 ani-

145 1140 201 1199 mis
226 1137 348 1198 aliarum
373 1152 474 1195 rerum
494 1132 600 1194 studiis
620 1152 715 1212 neque
740 1133 914 1212 legebantur
933 1152 1030 1212 neque
1050 1134 1297 1213 describebantur

146 1243 285 1324 amplius;
304 1241 332 1302 id
354 1240 432 1320 quod
452 1259 555 1301 eorum
576 1243 627 1319 qui
644 1248 746 1300 contra
761 1239 957 1300 Christianam
977 1218 1149 1320 religionem
1169 1244 1296 1321 scripse-

124 1387 127 1391 ν
146 1358 213 1411 rant
235 1349 320 1408 libris
339 1347 482 1408 accidisse
506 1349 563 1407 iam
583 1354 688 1426 quarto
708 1346 825 1406 saeculo
851 1354 978 1406 exeunte
1002 1349 1087 1407 testis
1107 1354 1152 1406 cst
1171 1347 1297 1408 loannes

147 1457 376 1536 chrysostomus
400 1454 435 1514 ab
455 1472 531 1514 anno
551 1451 615 1515 398
641 1472 735 1532 usquc
755 1453 791 1512 ad
811 1472 920 1513 annum
939 1450 1005 1513 404
1030 1452 1297 1533 Constantinopoli-

147 1574 284 1626 tanorum
308 1565 474 1641 episcopus.
512 1556 609 1621 Ἀλλὰ
627 1557 779 1622 τοεοῦτόε
800 1557 872 1635 icat,
896 1562 1002 1639 inquit,
1026 1561 1092 1621 τῶν
1112 1556 1170 1620 ὑπ’
1189 1558 1297 1623 αὐτῶν

146 1668 376 1748 γεγραμμένων
400 1663 419 1728 ὁ
442 1666 558 1742 γέλωε,
582 1664 662 1728 ὥετε
687 1662 899 1743 ἀφανιεθῆναι
923 1663 1036 1726 καὶτὰ
1066 1665 1167 1744 βιβλία
1197 1666 1298 1730 πάλαι

147 1777 198 1841 καὶ
221 1774 286 1853 ἅμα
308 1779 354 1856 τῷ
384 1776 546 1850 δειχθῆναι
574 1772 625 1835 καὶ
648 1770 822 1834 ἀπολέεθαι
849 1769 889 1833 τὰ
912 1769 1026 1833 πολλά.
1065 1771 1098 1833 Εἰ
1122 1773 1156 1834 δὲ
1181 1773 1244 1835 πού
1268 1794 1298 1836 τι

147 1878 198 1940 καὶ
218 1875 359 1954 εὑρεθείη
385 1879 547 1955 διαεωθὲν,
568 1878 655 1957 παρὰ
676 1879 872 1955 Χριετιανοίε
889 1880 986 1940 τοῦτο
1008 1877 1189 1955 εωζόμενον
1209 1879 1298 1958 εὕροι

146 2003 193 2046 τι(
222 1982 261 2047 ἂν
290 1979 403 2069 (horor
427 1983 471 2047 είε
499 1985 556 2048 τὸν
585 1983 739 2062 μακάριον
764 1984 911 2062 Βαβύλαν
940 1985 991 2046 καὶ
1019 1984 1099 2047 κατὰ
1122 1982 1297 2051 Ἰουλιανοῦ

146 2090 198 2154 καί
235 2091 316 2169 πρὸ(
352 2090 516 2168 (Ἐλληναε.
562 2092 623 2153 Ιοίι.
652 2092 753 2171 Chrys.
782 2091 827 2152 ed.
856 2092 1101 2154 Montelalconius
1129 2093 1297 2180 11339b).

148 2200 213 2261 Huc
232 2202 355 2283 accedit,
374 2201 452 2281 quod
468 2201 625 2281 Porphyrii
643 2200 735 2261 libros
753 2208 856 2260 contra
870 2199 1053 2260 Christianos
1073 2203 1201 2281 scriptos
1220 2206 1298 2280 apud

148 2327 367 2388 quemcumque
395 2310 508 2369 inventi
537 2319 637 2369 essent
660 2306 844 2368 Theodosius
869 2308 1019 2386 Augustus
1049 2309 1136 2368 iussit
1164 2309 1300 2372 comburi

149 2415 212 2492 lege
233 2435 257 2476 a.
276 2416 303 2475 (1.
324 2414 395 2475 XIV.
415 2414 476 2474 llal.
496 2415 579 2476 Mart.
599 2415 853 2494 Constantinopoli
872 2415 989 2474 Zenone
1010 2414 1199 2477 Postumiano
1219 2437 1296 2479 coss.

150 2515 183 2605 (i.
204 2541 228 2582 e.
248 2540 272 2581 a.
291 2515 372 2603 448)
390 2521 456 2581 lata.
494 2521 603 2582 Iniuria
623 2529 722 2582 autem
745 2524 802 2581 viri
821 2522 899 2581 docti
920 2521 1025 2600 quide
1046 2521 1100 2582 hae
1120 2543 1152 2584 re
1172 2527 1298 2605 scripse·

149 2638 220 2689 runt
239 2628 274 2688 ad
298 2647 390 2688 unum
410 2647 513 2689 omnes
533 2628 752 2689 contenderunt
771 2628 848 2688 idem
872 2629 937 2689 fieri
956 2630 1079 2689 iussisse
1099 2629 1299 2693 Theodosium

151 2842 249 2902 verbis
278 2859 353 2920 quae
377 2845 569 2903 inveniuntur
597 2845 626 2903 in
656 2843 758 2903 codice
782 2842 977 2924 Iustinianeo,
1006 2844 1056 2904 irbi
1085 2861 1144 2902 non
1173 2842 1300 2904 desolo
1357 2877 1363 2887 ·

150 2951 247 3028 agitur
261 2948 425 3028 Porphyrio
442 2944 477 3030 (l,
495 2949 521 3029 1,
537 2945 586 3023 3):
610 2947 805 3025 Θεεπίῑομεν
825 2946 931 3010 πάντα
949 2945 1008 3010 hcc
1026 2948 1215 3027 Πορφύριοε
1234 2948 1299 3012 ὑπὸ

149 3059 205 3132 τῆε
224 3052 341 3117 ἑαυτοῦ
361 3053 472 3131 μανίαε
487 3053 702 3132 ἐλαυνόμενοι
721 3056 740 3133 ἢ
761 3053 893 3132 ἕτερός
912 3074 966 3117 ric
986 3054 1066 3117 κατὰ
1080 3060 1135 3133 τῆ(
1151 3055 1300 3134 εὐεεβοθε

150 3163 216 3223 τῶν
237 3161 430 3238 Χριετιανῶν
450 3160 612 3238 θρηεκείαε
632 3163 811 3240 ευνέγραψε
831 3162 906 3239 πυρὶ
925 3161 1162 3240 παραδίδοεθαι.
1195 3165 1299 3244 Neque

151 3277 248 3329 tamen
273 3269 544 3330 animadverterunt
566 3273 724 3348 genuinam
753 3272 842 3332 huius
871 3271 943 3350 legis
973 3272 1097 3331 sormam
1126 3280 1241 3332 exstare
1270 3276 1301 3332 in

152 3378 225 3437 actis
249 3377 366 3437 concilii
389 3375 532 3454 Ephesini
561 3370 728 3459 (sacrorum
752 3377 946 3448 conciliorum
970 3396 1044 3437 nova
1069 3388 1099 3438 ct
1122 3379 1300 3458 amplissima

151 3483 286 3544 collectio
312 3482 357 3543 ed.
381 3484 474 3544 Mansi
497 3483 552 3545 vol.
576 3483 606 3545 V.
622 3482 702 3568 417)
731 3487 760 3544 in
790 3504 860 3565 qua,
889 3503 1067 3565 quamquam
1096 3484 1196 3546 multis
1227 3486 1301 3546 locis

153 3600 199 3651 est
222 3589 349 3672 plenior,
378 3593 497 3650 omnino
522 3610 581 3651 non
606 3594 797 3652 inveniuntur
821 3591 910 3651 verba
933 3592 951 3668 ἢ
977 3589 1086 3668 ἕτερόε
1109 3610 1167 3668 τις,
1192 3592 1299 3671 quibus
1375 3645 1378 3650 .

153 3699 222 3759 solis
255 3698 334 3778 quod
364 3697 420 3758 sibi
452 3707 673 3778 proposuerunt
700 3706 826 3776 possunt
853 3698 988 3777 probare.
1036 3698 1117 3769 Quae
1147 3699 1234 3760 verba
1262 3719 1299 3760 ne

153 3807 219 3884 quis
247 3812 368 3864 censeat
395 3803 584 3864 librariorum
612 3804 697 3883 culpa
724 3823 788 3864 esse
817 3807 939 3864 omissa:
968 3823 1003 3864 ne
1028 3807 1058 3864 in
1081 3806 1299 3884 praefectorum

155 3910 287 3991 quidem,
321 3913 373 3989 qui
399 3910 660 3990 promulgaverunt
692 3913 878 3990 imperatoris
912 3910 1005 3988 legem
1035 3906 1143 3992 (Mansi
1169 3907 1300 3993 vtio),

155 4019 251 4079 edicto
279 4021 485 4097 inveniuntur,
517 4018 596 4095 quod
623 4017 706 4078 brevi
738 4025 806 4097 post
833 4019 977 4094 scriptum
1006 4036 1071 4077 esse
1100 4036 1135 4077 eo
1164 4019 1300 4100 allicitur,

153 4125 314 4205 quodiam
342 4120 526 4199 ἀνεγνώεθη
550 4121 586 4185 ἐν
613 4128 651 4206 τῇ
679 4122 824 4205 ἐκκληείᾳ
854 4125 920 4184 τῶν
944 4120 1150 4198 μοναζόντων
1174 4123 1210 4186 ἐν
1233 4127 1300 4187 soit

153 4231 312 4308 ἐρημικοῑε
337 4228 500 4306 Φαρμουθὶ
523 4223 571 4303 κγ’
595 4227 791 4291 ίνδικτιῶνοε
814 4223 843 4292 α’
867 4227 960 4292 ἔναυε
981 4230 1216 4307 Διοκλητιανοῦ
1236 4225 1300 4308 ρξδ’

157 4334 189 4423 (i.
213 4358 237 4399 e.
262 4357 286 4399 a.
311 4338 338 4398 d.
367 4336 439 4399 XIV.
463 4337 524 4398 llal.
548 4337 613 4397 Mai.
642 4355 665 4396 a.
689 4356 716 4416 p.
741 4337 771 4398 C.
796 4358 822 4399 n.
847 4333 936 4421 448).
978 4339 1050 4399 Nam
1080 4342 1168 4399 etiam
1196 4339 1237 4400 ibi
1265 4339 1300 4398 de
1345 4380 1350 4389 .

157 4444 220 4505 solo
252 4446 349 4524 agitur
377 4445 549 4525 Porphyrio.
595 4443 743 4505 Inculcata
775 4455 875 4509 autem
904 4446 1042 4508 videntur
1071 4465 1136 4508 esse
1164 4446 1253 4507 rerba
1280 4445 1299 4521 ἢ
