2926 5040
407 328 502 378 κιαι
520 328 740 380 mmmmm
757 329 882 381 Aoroc
901 331 932 383 A.
1191 329 1257 393 223

10 498 99 562 {m
128 542 132 549 .
200 487 293 551 Οὕτω
317 491 352 553 δέ
377 490 446 554 ἐςτε
471 494 643 573 δυςτυχεῖς,
668 491 748 556 ὥςτε
768 490 844 556 οὐδὲ
863 497 931 557 τοῖς
950 491 1015 556 ὑπὸ
1033 496 1099 557 τῶν
1118 493 1255 559 ἀποςτό-

110 596 177 657 λων
200 593 273 673 ύμῖν
296 588 571 676 παραδεδομέναις
595 599 840 678 ἐμμενενήκατε·
868 600 920 664 καὶ
947 604 1049 664 ταῦτα
1077 602 1112 664 δὲ
1141 602 1193 667 ἐπὶ
1215 604 1254 667 τό
1316 626 1319 630 ’

109 706 220 781 χεῖρον
252 704 303 767 καὶ
337 706 579 784 δυςςεβέςτερον
608 705 672 770 ὑπὸ
702 709 768 769 τῶν
799 706 1032 783 ἐπιγινομένων
1062 707 1253 789 ἐξειργάςθη.

108 811 167 875 τὸν
198 815 279 887 γοῦν
310 809 428 891 Ἰηςοῦν
462 812 537 876 οὔτε
569 813 703 878 Παῦλος
735 811 908 891 ἐτόλμηςεν
939 812 1042 878 εἰπεῖν
1075 815 1151 880 θεὸν
1178 816 1253 881 οὔτε

110 918 275 983 Ματθαῑος
298 918 373 983 οὔτε
397 919 520 984 Λουκᾶς
544 920 618 984 ούτε
644 919 784 998 Μάρκος.
811 917 883 982 ἀλλ’
906 919 924 982 6
944 922 1079 999 χρηςτὸς
1098 920 1279 1003 Ἰωάννηςο

10 1024 295 1104 λθῖΒαίςθόμενος
314 1027 374 1105 ἤδη
395 1025 399 1109 Ι
421 1028 505 1089 πολὺ
529 1030 651 1105 πλῆθος
670 1026 813 1090 ἑαλωκὸς
837 1027 872 1090 ἐν
895 1029 1033 1091 πολλαῖς
1056 1032 1122 1092 τῶν
1145 1029 1252 1109 Ἑλλη-

109 1132 207 1197 νίδων
230 1134 282 1197 καὶ
305 1131 523 1198 Ἰταλιωτίδων
543 1132 759 1200 πόλεωνῑὺπό
778 1134 894 1213 ταύτης
916 1138 972 1213 τῆς
995 1133 1100 1214 νόςου,
1125 1134 1253 1202 ἀκούων

109 1240 157 1318 δέ,
191 1238 289 1318 οἶμαι,
322 1241 373 1304 καί
405 1241 445 1304 τά
476 1243 623 1320 μνήματα
655 1241 784 1318 Πέτρου
815 1241 866 1305 καὶ
897 1241 1032 1305 Παύλου
1061 1241 1163 1326 λάθρᾳ
1187 1245 1253 1325 μὲν,

109 1345 237 1410 ἀκούων
260 1348 296 1410 δὲ
320 1345 408 1425 όμως
432 1347 513 1411 αὐτὰ
535 1346 778 1426 θεραπευόμενα
797 1351 925 1425 πρῶτος
944 1347 1117 1428 ἐτόλμηςεν
1141 1350 1252 1417 εἰπεῖν.

108 1454 200 1532 μικρά
223 1455 259 1517 δέ
283 1454 384 1546 είπὼν
403 1455 475 1533 περὶ
497 1453 647 1518 Ἰωάννου
669 1458 728 1518 τοῦ
753 1458 935 1534 βαπτιςτοῦ,
959 1454 1056 1520 πάλιν
1079 1457 1252 1535 ἐπανάγων
1264 1475 1296 1523 10

108 1560 161 1623 ἐπὶ
188 1562 246 1627 τὸν
274 1560 332 1625 ὑπ’
355 1562 455 1626 αύτοῦ
483 1562 719 1640 κηρυττόμενον
748 1561 849 1638 λόγον
877 1563 949 1643 (ικαὶ
978 1561 996 1625 6
1029 1562 1148 1640 λόγος»
1164 1567 1253 1646 λι’ρηςὶ
1266 1583 1319 1624 σοι.
1331 1587 1348 1635 ι,
1360 1561 1386 1626 ἰι

836 1753 869 1803 με

181 1808 356 1863 Ιίουλιανοῦ
376 1811 404 1861 Μ
423 1826 472 1877 mg
490 1809 663 1862 Iulianuso
702 1810 707 1876 Ι
750 1809 956 1876 ῦέμμενήκατε
975 1810 1003 1863 Μ
1042 1813 1047 1878 Ι
1086 1812 1175 1866 θύπὸ
1194 1819 1253 1867 τῶν

107 1880 308 1947 ἐπιγινομένων
322 1881 480 1948 ἐξειργάςθη
501 1882 541 1934 Με
561 1881 643 1949 ραάω
661 1896 688 1934 se
705 1897 748 1934 res
765 1880 884 1934 habeant
902 1882 1095 1937 extederitiso
1129 1885 1133 1949 Ι
1167 1886 1254 1939 4τὸν

107 1957 177 2014 γοῦν
201 1953 303 2019 ’ίηςοῦν
326 1953 367 2006 Μ;
401 1951 477 2005 Unde
498 1951 631 2006 Ιοοιιωῦ
679 1953 683 2018 )
731 1954 820 2018 θῆδη
840 1968 895 2005 non
914 1952 1041 2006 vertitO
1084 1954 1088 2024 Ι
1131 1955 1254 2024 ἑαλωκός

107 2021 259 2078 Αιιδοιίιιοε
279 2025 410 2077 ἑαλωκὼς
429 2025 456 2076 Μ
491 2024 495 2090 Ι
531 2026 609 2077 7καί
630 2022 819 2076 Ἰταλιωτίδων
837 2022 892 2076 πού
912 2023 1038 2078 νοιίίθῦ
1072 2027 1076 2093 Ι
1115 2027 1169 2079 άπὸ
1187 2029 1253 2080 ταῦ-

107 2111 158 2161 της
175 2098 226 2161 τῆς
243 2096 327 2150 νόςου
346 2095 487 2148 Aubertus
505 2095 555 2148 λοο
572 2096 664 2148 morbo
683 2096 718 2148 0:
737 2095 792 2147 ὑπὸ
811 2098 862 2160 τῆς
879 2096 963 2148 νόςου
982 2096 1010 2148 Μ
1044 2095 1049 2165 Ι
1088 2100 1104 2148 8
1123 2101 1168 2150 καί
1187 2103 1254 2167 ροοί

106 2168 183 2232 οἶμαι
202 2183 258 2222 non
272 2166 394 2221 vertitO
423 2168 428 2235 Ἰ
457 2167 569 2232 Πέτρου
588 2169 632 2219 καί
650 2167 766 2219 Παύλου
782 2167 823 2219 Μ;
845 2166 931 2237 Pauli
949 2172 974 2219 et
994 2166 1108 2221 Patrio
1139 2172 1143 2237 Ι
1174 2172 1252 2224 θαῦ-

105 2236 142 2291 τά
161 2239 381 2306 θεραπευόμεναι
401 2238 547 2304 οἰκούμεναι
565 2239 587 2291 0
621 2239 627 2307 1
662 2241 694 2290 10
714 2240 744 2291 δὲ
764 2239 805 2291 Μ;
825 2243 849 2290 et
868 2238 898 2290 0.

180 2454 293 2506 1ούδὲ
316 2459 388 2507 τοῖς
410 2453 474 2505 ύπὸ
498 2456 567 2506 τῶν
590 2452 787 2504 ἀποςτόλων
811 2451 888 2504 κτὲ.;
911 2453 983 2517 ημάς
1001 2480 1036 2490 -
1055 2453 1151 2507 αὐτοῖς
1173 2455 1252 2508 ἀντε-

106 2525 273 2591 πενηνέχθαι
291 2528 357 2592 φηςί
375 2530 434 2578 τοῖς
453 2523 541 2588 ἁγίοις
560 2529 750 2589 μυςταγωγοῑς
769 2525 813 2577 καί
830 2527 994 2588 πεποιήςθαι
1013 2525 1062 2589 μέν
1080 2526 1151 2591 παρ’
1169 2527 1251 2580 οὐδὲν

107 2596 152 2658 (Αε
171 2598 311 2662 παρουδὲν
331 2597 370 2664 Μ)
393 2599 446 2662 τὴν
470 2596 653 2660 ἀποςτολικήν
675 2595 838 2662 παράδοςιν,
862 2594 1010 2661 τραπέςθαι
1035 2596 1065 2649 δὲ
1085 2599 1188 2662 μᾶλλον
1207 2601 1252 2651 καί

106 2671 193 2719 τοῦτο
212 2667 412 2733 ἀκαταψέκτως
430 2669 501 2735 ᾗπερ
516 2669 550 2720 ἂν
569 2669 640 2732 ἡμᾶς
655 2666 826 2733 ἀποφέροιτο
845 2664 920 2738 (τὸ)
938 2666 982 2731 (τὸ
1001 2665 1104 2720 adieci:
1124 2684 1170 2720 om
1189 2669 1252 2737 ΜΑ)

107 2739 211 2791 δοκοῦν
225 2744 277 2792 336
290 2737 313 2790 Β
329 2745 344 2792 2
366 2740 370 2805 l
390 2744 481 2806 ποῖον,
500 2738 558 2792 είπέ
578 2754 631 2804 μοι,
650 2742 708 2791 τῦιν
723 2738 912 2791 ἀποςτολικιῦν
927 2737 1108 2803 ἐνταλμάτων
1121 2741 1140 2804 ἢ
1155 2741 1251 2807 μικρὸν

106 2811 125 2874 ἢ
145 2810 214 2876 μέγα
227 2811 297 2877 πρὸς
310 2814 390 2877 ἡμῶν
409 2812 442 2863 οὐ
461 2811 624 2876 τετήρηται;
643 2808 671 2862 τί
687 2810 757 2875 πρὸς
774 2811 808 2862 τό
826 2815 919 2876 χεῖρον
933 2811 1116 2877 παρεβιβάςθη
1130 2812 1252 2878 παράγε

67 2938 72 2945 4
106 2885 165 2934 τιῦν
184 2882 249 2946 μετ’
265 2881 386 2935 ἐκείνους
403 2884 457 2948 τὴν
474 2887 526 2935 τοῦ
545 2881 630 2945 λόγου
653 2881 747 2947 χρείαν
766 2880 1006 2947 ἐγκεχειριςμένων
1023 2882 1099 2947 παρὰ
1118 2885 1184 2935 θεοῦ
1204 2901 1250 2947 -;

96 2953 159 3006 ’337
174 2951 226 3006 08
260 2953 264 3019 Ι
298 2959 315 3006 4
333 2954 393 3006 τὸν
411 2957 495 3017 γοῦν
515 2954 639 3019 Ἰηςοῦν
659 2954 736 3005 κτέ.;
756 2952 926 3019 διημάρτηκε
944 2952 1083 3019 τάληθοῦς
1101 2955 1251 3007 καὶτοῦτο

107 3022 233 3078 είςύπαν·
261 3025 294 3078 ού
312 3027 374 3092 γάρ
402 3027 436 3091 δὴ
463 3026 551 3092 φάναι
576 3026 615 3077 ὡς
639 3023 681 3089 εἴη
708 3025 771 3078 θεὸς
796 3026 811 3076 ὁ
835 3023 948 3090 Χριςτὸς
966 3025 1031 3077 οὔτε
1050 3023 1167 3076 Παῦλον
1185 3027 1251 3078 οὔτε

107 3093 223 3162 Μάρκον
246 3097 313 3149 οῦτε
336 3097 482 3150 Ματθαῖον
505 3097 572 3150 ούτε
596 3096 705 3148 Λουκάν
729 3101 780 3149 327
795 3095 848 3148 Εῦ
883 3097 887 3158 Ι
925 3095 1040 3159 Χριςτδν
1059 3097 1103 3147 καί
1123 3095 1188 3148 θεόν
1206 3096 1252 3150 ἐπί

106 3166 213 3235 πάντας
232 3169 276 3219 καί
296 3170 350 3234 μὴν
368 3170 413 3220 καί
432 3168 587 3234 εύλογητὸν
606 3164 644 3220 εἰς
662 3168 728 3219 τοὺς
747 3165 858 3233 αἰωνας,
878 3167 960 3232 ἀμὴν,
980 3167 1050 3220 είναί
1068 3183 1152 3233 φηςιν
1171 3168 1219 3235 (ιο.
1235 3169 1250 3220 6

106 3238 232 3305 Παῦλος)
255 3244 307 3294 328
321 3237 375 3293 B7
419 3238 565 3310 Ιφωνὰς
588 3239 638 3304 μὲν
662 3238 712 3291 οῦν
735 3239 789 3304 ἤδη
812 3239 1013 3304 παρηγάγομεν
1035 3243 1087 3291 τοῦ
1110 3238 1250 3292 θεςπεςίου

106 3310 222 3363 Παύλου
248 3315 343 3377 ςαφιῦς
368 3313 413 3363 καὶ
439 3311 690 3377 ἀναμφιςβητήτως
715 3310 780 3362 θεὸν
806 3310 994 3374 ὀνομάζοντος
1017 3311 1068 3362 τόν
1093 3313 1152 3361 τιῦν
1176 3311 1251 3363 ὅλων

106 3385 217 3448 ςυιτῆρα
235 3381 357 3449 Χριςτόν.
396 3384 452 3436 δεῖν
472 3384 502 3435 δὲ
521 3384 597 3447 οἶμαι
620 3384 664 3434 καί
682 3381 733 3433 τάς
750 3386 809 3434 τῶν
827 3381 932 3446 ἑτέρων
949 3382 1118 3446 παραθέςθαι
1135 3382 1251 3449 χρήςεις,

106 3452 141 3503 δι’
160 3452 200 3505 ιῦν
219 3454 258 3506 ὡς
276 3457 341 3507 θεοῦ
361 3455 629 3525 διαμέμνηνταιιτοῦ
648 3453 770 3520 Χριςτοῦ.
808 3454 863 3520 ἔφη
882 3452 979 3505 τοίνυν
997 3452 1013 3502 6
1033 3452 1176 3506 Ματθαῑος
1194 3454 1250 3506 κτὲ.

65 3533 68 3538 ·
106 3522 227 3576 339Α3
262 3526 266 3592 1
301 3527 346 3578 καί
364 3527 445 3578 ταυτὶ
464 3526 514 3590 μὲν
532 3528 598 3591 ἡμῖν
617 3525 633 3576 δ
653 3525 855 3577 Ματθαῑος-.
876 3524 990 3590 Μάρκος
1008 3539 1040 3586 γε
1059 3527 1113 3590 μὴν
1132 3524 1250 3576 διὰτιῦν

105 3594 201 3648 αὐτῶν
219 3595 336 3649 ἐννοιῶν
355 3597 414 3649 εἰπε
432 3601 576 3661 πανταχοῦ
596 3599 641 3650 καί
659 3602 717 3649 τοῖς
735 3599 786 3648 τοῦ
806 3595 952 3649 Ματθαίου
971 3595 1139 3662 ςυμφέρεται
1157 3595 1250 3659 λόγοις

106 3666 227 3720 320A2
262 3670 266 3735 Ι
300 3670 344 3720 καί
364 3669 379 3719 ὁ
398 3669 534 3723 θεςπέςιος
557 3669 610 3734 (Με
630 3667 706 3721 <sadi
721 3667 753 3733 Α)
772 3667 880 3720 Λουκᾶς
896 3667 1075 3734 πεφρόνηκεν
1094 3666 1170 3719 ούτω
1187 3669 1262 3739 περὶ,

105 3738 193 3790 αὐτοῦ
213 3743 265 3792 330
279 3732 308 3790 A'
317 3745 333 3792 2
373 3744 378 3804 Ι
420 3740 526 3793 Λουκᾶς
551 3755 582 3792 τε
608 3740 652 3792 καί
672 3740 820 3792 ,Ματθαῑος
843 3741 888 3791 καί
907 3739 1001 3804 μέντοι
1019 3740 1064 3790 καί
1083 3736 1197 3803 Μάρκος
1217 3767 1249 3776 -

104 3809 171 3862 θεὸν
189 3809 335 3875 ὠνόμαζον
359 3812 445 3864 αὐτόν
463 3816 514 3864 331
530 3810 586 3864 D8
625 3813 630 3875 Ι
673 3815 689 3863 ό
709 3810 776 3863 ἀλλ’
795 3811 810 3862 6
835 3810 978 3876 χρηςτὸς
997 3810 1152 3873 Ἰωάννης
1170 3810 1248 3861 κτὲ.;

105 3881 121 3931 6
140 3882 228 3949 ςοφὸς
247 3883 375 3948 Ἰωάννης
397 3883 428 3935 ἐν
450 3883 521 3950 ἀρχῇ
545 3883 595 3934 τὸν
618 3883 704 3948 λόγον
723 3880 794 3934 εἷναί
812 3898 878 3947 φηςι
897 3882 948 3948 (Με
969 3897 1051 3948 φηςιν
1070 3881 1101 3948 Α)
1120 3881 1164 3931 καί
1184 3880 1249 3931 θεὸν

104 3952 176 4005 εἶναι
200 3954 244 4006 καί
268 3955 323 4020 (καὶ
346 3955 387 4007 Μ;
413 3968 458 4006 om
477 3955 510 4022 Α)
532 3954 603 4019 πρὸς
624 3954 687 4021 (τὸν
706 3953 752 4007 adi
772 3953 804 4019 Α)
829 3954 905 4020 θεόν,
930 3953 991 4005 εἶτα
1014 3952 1083 4016 μετὰ
1101 3955 1187 4004 τοῦτο
1206 3967 1250 4014 γε·

33 4062 39 4071 .
103 4023 197 4077 νὲςθαι
220 4026 265 4078 καί
289 4024 383 4092 ςάρκα,
406 4027 489 4078 τοῦτ’
511 4026 583 4077 ἔςτιν
607 4026 756 4092 ἄνθρωπον
776 4024 898 4076 338Ε4
945 4026 948 4088 Ι
998 4029 1012 4075 7
1040 4023 1173 4074 ἀκούων
1200 4023 1248 4087 δέ,

104 4095 220 4163 οἶμαι,
235 4099 289 4149 καί
311 4098 351 4149 τὰ
376 4097 529 4162 μνήματα
552 4097 630 4148 κτέ.;
657 4098 689 4149 οῦ
709 4097 838 4162 γάρτοι,
862 4096 933 4147 καθά
953 4110 1035 4161 φηςιν
1055 4094 1150 4159 αὐτὸς,
1171 4096 1249 4159 θερα-

103 4167 242 4221 πεύοντας
260 4184 338 4222 τινας
354 4169 390 4220 τὰ
408 4172 467 4220 τῶν
485 4167 573 4232 ἁγίων
592 4168 721 4235 μνήματα
738 4168 916 4233 τεθεαμένος,
940 4167 1056 4220 Παύλου
1075 4165 1106 4228 γέ
1126 4162 1249 4232 (seripsi2

102 4238 135 4291 τέ
154 4237 217 4305 ΜΑ)
238 4256 309 4305 φημι
328 4240 372 4291 καί
390 4239 511 4306 Πέτρου,
530 4239 658 4306 προήχθη
679 4241 725 4308 (sc.
746 4240 761 4291 6
782 4238 920 4305 Ἰωάννης)
942 4238 1045 4302 λέγειν,
1069 4237 1107 4288 ὡς
1125 4235 1168 4300 εἴη
1187 4236 1251 4287 θεὸς

104 4309 205 4377 ’Ἰηςοῦς
223 4311 335 4377 Χριςτός
353 4315 404 4363 331
422 4308 473 4363 C?
517 4314 521 4375 Ι
563 4315 579 4362 3
598 4315 733 4376 πρῶτος
756 4310 938 4375 ἑτόλμηςεν
962 4307 1080 4362 εἰπεῖνε
1105 4307 1165 4359 ἀλλ’
1183 4307 1250 4359 οῦδὲ

103 4387 217 4447 πριῦτος
241 4382 297 4450 ἔφη
316 4383 383 4435 θεὸν
401 4383 471 4435 εἶναι
488 4383 540 4435 τὸν
560 4382 661 4447 Ἰηςοῦν
680 4388 730 4435 331
747 4382 770 4434 D
787 4387 802 4434 θ
843 4383 847 4448 Ι
890 4386 921 4433 11
942 4382 995 4433 καί
1014 4381 1030 4432 6
1052 4379 1153 4441 λόγος
1171 4379 1249 4431 κτὲ.;

104 4452 270 4506 διατείνεται
298 4455 348 4518 μὲν
374 4453 458 4507 εἰπεῖν
483 4455 534 4507 τόν
560 4454 697 4506 θεςπέςιον
724 4455 918 4518 εὐαγγελιςτήν
944 4454 1009 4506 «καὶ
1035 4451 1051 4501 6
1076 4449 1160 4514 λόγος
1185 4450 1250 4515 ςὰρξ
