2926 5040
497 330 538 388 De
558 327 660 387 Iuliani
677 331 812 386 librorum
834 330 907 386 fatis.
1229 331 1271 396 83

125 498 369 580 Oecolampadius
397 500 538 562 adhibuit,
581 500 672 561 Cuius
700 500 788 561 verba
814 510 883 560 sunt
911 500 983 559 haec
1008 496 1105 559 tuta
1135 499 1272 559 editionis

124 604 265 669 a.1528:
289 603 377 669 ‘Num
402 609 526 668 forsitan
544 611 640 688 primo
661 607 824 668 secundum
844 610 943 668 minus
962 609 1019 668 erit
1042 609 1123 667 iuxta
1143 616 1272 667 mentem

125 710 249 774 sanam?
280 714 373 775 Maius
388 717 467 774 enim
485 717 591 793 opinor
605 733 670 774 esse
691 716 856 794 producere
876 714 985 793 aliquid
1006 734 1041 774 ex
1061 713 1161 795 nihilo,
1181 732 1269 793 quam

124 823 183 880 iam
201 821 378 901 productum
398 829 428 881 ct
447 839 534 899 grave
554 820 662 900 aliquid
683 840 812 900 passum,
836 821 939 881 reduci
962 821 1059 880 denuo
1084 823 1114 879 in
1138 820 1167 879 id
1192 820 1269 898 qtrod

125 930 271 1007 principio
300 923 383 988 erat'
425 927 543 988 Reiecta
577 930 668 1007 igitur
696 929 752 988 Mai
781 930 951 988 coniectura
980 927 1103 988 dubium
1131 945 1190 986 non
1220 937 1274 1004 est,

126 1037 198 1113 quin
218 1052 361 1095 numerus
381 1037 419 1094 sit
438 1043 607 1114 corruptus.
646 1034 842 1095 Scribendum
862 1044 960 1095 autern
976 1053 1042 1094 esso
1061 1033 1133 1093 mihi
1156 1034 1274 1093 videtur

125 1134 162 1203 ιζ’
186 1160 241 1220 pro
260 1135 294 1204 Z'.
331 1141 409 1220 Ergo
429 1144 517 1201 etiam
537 1160 570 1201 ea
591 1160 665 1220 quac
686 1149 853 1220 sequuntur
872 1141 969 1222 verba,
994 1140 1102 1220 quibus
1121 1143 1152 1199 in
1172 1139 1273 1199 codice

123 1251 352 1327 praemittantur
384 1248 473 1308 verba
505 1247 541 1309 έκ
572 1249 630 1308 τοῦ
663 1245 775 1323 αὐτοῦ,
809 1267 844 1308 ox
876 1248 951 1308 libro
981 1247 1067 1306 XVII.
1100 1247 1273 1325 deprompta

124 1372 191 1414 csse
217 1373 332 1416 censeo.

670 1459 722 1523 40.

213 1586 256 1647 Ex
280 1586 382 1648 Leont.
406 1597 436 1648 et
459 1589 558 1648 loann.
584 1589 601 1647 f.
623 1584 694 1647 154.
732 1583 782 1648 Ἐκ
806 1588 863 1646 τοῦ
887 1582 998 1646 αὐτοῦ.

213 1691 401 1769 Περιφοινὴι
425 1692 475 1755 καὶ
494 1690 706 1771 ἀξιοζήλωτοτ
725 1689 884 1767 ἀγαθότηι
908 1690 980 1767 icti,
1005 1691 1126 1768 δηλαδὴ
1146 1690 1183 1752 τὸ
1203 1689 1273 1767 ὀρέ-

125 1816 196 1872 γειν
226 1794 321 1860 ἔλεον
348 1801 416 1862 roi<
444 1802 543 1875 μιιεῖν
570 1800 651 1876 ἡμᾶ(
678 1798 847 1880 ᾑρημένοι(
874 1797 925 1858 καὶ
953 1800 1045 1875 χεῖρα
1072 1797 1179 1874 νέμειν
1208 1795 1274 1858 ἐπί-

125 1923 256 1980 κουρον,
286 1903 451 1982 βούλετθαι
480 1905 514 1968 δὲ
543 1905 594 1967 καὶ
623 1904 734 1969 (ώζειν
767 1903 896 1980 αὐτοὺς,
930 1902 987 1966 οὐκ
1015 1902 1275 1981 ἐπεμβαίνοντας,

125 2010 249 2086 μᾶλλον
277 2010 312 2071 δὲ
341 2009 391 2072 καὶ
415 2008 487 2073 οἷον
514 2013 669 2088 κειμένοιτ
693 2011 953 2088 έπορχουμένον(
982 2010 1032 2072 καὶ
1059 2014 1115 2088 τῆ(
1143 2010 1275 2087 ένούιη(

125 2113 237 2177 αὐτοῖς
259 2112 445 2193 ἀθλιότητος
474 2120 741 2194 καταμειδιῶντατ
769 2115 1097 2200 ἀφιλοικτιρμόνιοι,1)
1131 2119 1275 2194 δρῶντα(

126 2221 162 2283 δὲ
187 2223 309 2298 μᾶλλον
332 2222 450 2301 ἐκεῖνα,
475 2221 516 2286 δι’
538 2220 584 2286 ὧν
608 2219 679 2306 dist)
705 2222 765 2289 έξιιι
789 2225 939 2299 γένοιντο
963 2219 1140 2306 παγίδο(,3)
1164 2202 1274 2285 ποιου-

127 2329 244 2404 μένου(
268 2330 303 2391 δὲ
327 2335 377 2392 καὶ
401 2329 489 2392 λιτὰ(
512 2330 592 2407 πρὸς
620 2330 676 2393 τὸν
700 2334 766 2394 τῶν
789 2328 877 2394 ὅλων
900 2330 981 2408 ὑπὲρ
1005 2329 1112 2392 αὐτῶν
1136 2327 1274 2394 {socot-

125 2439 225 2500 Ζοντα
248 2435 333 2500 θεόν.

553 2691 603 2750 Ex
624 2692 703 2751 lt'hro
726 2690 850 2750 XVIII.

673 2848 725 2911 tr.

218 2970 260 3030 Ex
284 2971 386 3031 Leont.
410 2981 440 3033 et
463 2973 562 3034 loann.
586 2994 614 3053 p.
632 2971 702 3035 105.
745 2969 795 3035 Ἐκ
821 2974 880 3035 τοῦ
909 2966 947 3048 ιη’
977 2969 1077 3046 λόγον
1105 2973 1171 3034 τῶν
1197 2970 1277 3034 κατὰ

123 3077 310 3139 Ἰουλιανοῦ.

218 3180 279 3244 Εἰιί
297 3202 388 3260 τινες,
407 3185 549 3248 πλεῑιτοι
564 3185 599 3247 δὲ
616 3183 704 3249 οὗτοι
724 3186 803 3249 κατὰ
820 3186 878 3248 τὸν
900 3184 977 3264 βίον,
997 3185 1027 3247 οἳ
1046 3184 1083 3247 τὸ
1103 3183 1206 3262 coion
1221 3185 1275 3247 αὐ-

123 3290 199 3350 τοῖς
217 3285 409 3372 <δοκοῦν>4)
424 3288 460 3352 εὖ
475 3288 561 3366 ἔχειν
579 3289 804 3369 ὑπειλημμένοι
824 3290 1037 3371 epotatione
1056 3275 1276 3367 κρατύνουιιν·

126 3392 255 3458 οἴονται
278 3395 327 3471 δὲ,
351 3391 399 3473 ὅτι
423 3394 526 3473 πάντη
550 3416 585 3459 τε
610 3397 660 3459 καὶ
685 3395 814 3459 πάντως
838 3396 923 3475 (cod
952 3399 1082 3459 λαλοῦει
1106 3397 1157 3460 καὶ
1180 3395 1276 3475 ἀναμ-

126 3499 278 3580 φίβλητα.
316 3502 400 3578 πλὴν
424 3502 513 3580 μέχρι
536 3503 690 3566 τοιούτου
714 3504 772 3581 τὴν
795 3507 853 3565 τοῦ
872 3507 980 3566 δοκεῖν
1004 3501 1085 3566 εἶναι
1109 3504 1204 3582 ιοφοὶ
1227 3505 1278 3567 καὶ

124 3604 288 3687 ἀγχίνοιῦ)
312 3609 479 3671 κλέπτοντι
503 3607 610 3687 δόξαν,
634 3607 723 3687 ἄχρι(
743 3608 783 3673 ἂν
806 3609 915 3673 αὐτοῖς
939 3609 957 3671 ὁ
977 3611 1057 3688 πρὸ(
1080 3613 1146 3673 τῶν
1170 3609 1276 3688 ἑτερο-

122 3714 386 3792 γνωμονούντιον
414 3714 576 3798 ὑπαντήτῃ
601 3714 711 3794 λόγος,
742 3718 948 3794 γοργοτέροι(
976 3717 1121 3795 ἐλέγχοι(
1150 3715 1276 3779 ἀντανι-

122 3819 291 3897 (τάμενοι.

219 3929 362 3992 Videntur
385 3932 458 3991 haec
482 3933 573 3992 fuisse
598 3934 691 4012 prima
715 3932 783 3992 libri
807 3932 903 3993 verba.

203 4104 229 4168 1)
248 4101 360 4173 Scripsi.
379 4103 643 4172 ἀφιλοικτειρμὸνωτ
660 4103 759 4157 Maius.

202 4194 230 4259 ν)
249 4193 284 4244 τὰ
303 4191 363 4245 cod.
383 4193 417 4245 ἂν
436 4192 541 4261 scripsi.
568 4192 657 4246 Maius
677 4193 790 4246 delevit.

202 4284 229 4347 3)
248 4280 358 4344 γένοιτο
376 4281 459 4345 nort(
478 4281 538 4335 cod.
557 4282 684 4346 γένοιντο
702 4282 818 4347 ποιγίδο(
837 4281 935 4335 Maius.

202 4372 230 4438 4)
250 4372 351 4423 δοκοῦν
370 4369 474 4423 adiecit
492 4368 622 4439 Mignius.

202 4460 230 4525 5)
249 4457 373 4525 ἀγχένοοι
391 4458 490 4512 Maius.
510 4458 616 4525 ἀγχίνοι
635 4460 734 4530 scripsi
754 4461 798 4515 cll.
818 4459 879 4527 Cyr.
899 4458 977 4513 Alex.
997 4477 1021 4512 c.
1042 4459 1090 4512 Iul.
1111 4477 1139 4527 p.
1151 4461 1207 4513 oA.

1026 4548 1063 4598 ὓ*
