2926 5040
537 1156 850 1233 Praefatio

210 1481 397 1560 Scriptorum
420 1478 602 1539 Graecorum
626 1481 677 1558 qui
701 1478 897 1562 Christipnam
921 1483 1169 1560 impugnaverunt
1197 1481 1264 1541 reli-

119 1592 237 1667 gionem
262 1587 420 1648 fasciculus
444 1591 558 1667 primus
583 1588 661 1648 Celsi
679 1588 789 1649 librum
813 1588 987 1670 continebit,
1010 1586 1085 1648 alter
1100 1581 1266 1667 'Porphyrii

120 1705 151 1754 et
173 1693 318 1754 Hieroclis
337 1696 510 1774 fragmenta.
542 1695 608 1756 Non
627 1696 755 1756 deerunt
773 1695 942 1774 philosophi
960 1697 1084 1756 crimina
1103 1714 1119 1754 a
1137 1695 1266 1754 Macario

119 1803 254 1881 Magnete
278 1810 401 1863 servata.
447 1802 563 1863 Primos
587 1821 667 1862 nunc
685 1801 797 1881 publici
821 1805 895 1863 iuris
919 1805 993 1863 facio
1013 1801 1118 1863 Iuliani
1140 1803 1265 1880 impera-

119 1912 194 1969 toris
216 1909 323 1990 libros,
347 1928 415 1970 cum
439 1928 491 1969 eos
514 1918 630 1971 tantum
654 1910 762 1971 edendi
784 1912 870 1970 initio
895 1909 1052 1970 consilium
1076 1911 1215 1988 ceperim.

207 2015 268 2076 lam
296 2034 366 2076 vero
394 2019 503 2095 gratias
532 2035 585 2096 ago
609 2019 680 2101 viris
704 2017 799 2077 doctis
823 2016 974 2098 omnibus,
1003 2034 1131 2096 qnorum
1154 2014 1262 2075 auxilio
1356 2063 1360 2069 .

118 2124 149 2182 in
179 2123 308 2200 paranda
339 2122 481 2183 editione¹
499 2142 573 2184 usus
596 2142 661 2183 sum
686 2126 921 2204 exoptatissimo,
952 2141 1056 2183 eorum
1085 2124 1203 2182 nomina
1231 2123 1262 2180 in

117 2231 183 2306 ipso
206 2228 282 2289 libro
297 2228 352 2290 tibi
375 2233 543 2290 occurrent.
571 2229 756 2309 Fragmentis
777 2228 876 2309 Cyrilli
892 2230 1019 2310 Syriacis
1038 2229 1262 2306 nunc'primum

119 2335 206 2395 editis
225 2337 303 2396 etin
323 2335 462 2397 Latinum
481 2355 650 2397 sermonem
669 2339 821 2397 conversis
845 2336 918 2397 haec
942 2336 1032 2396 editio
1057 2343 1182 2416 careret,
1205 2335 1263 2394 nisi

117 2440 349 2529 Eberhardns
371 2443 397 2502 N
404 2444 495 2504 estle
519 2444 636 2523 linguae
656 2443 793 2524 Syriacae
812 2446 951 2523 imperito
973 2444 1137 2504 officiosam
1160 2441 1261 2502 volun-

117 2556 207 2609 tatem
232 2550 455 2613 commodasset.
500 2550 623 2612 Praeter
647 2560 764 2612 ceteros
787 2561 886 2612 autem
908 2551 945 2610 de
973 2551 1028 2610 hac
1052 2549 1261 2629 qualicumque

118 2674 208 2734 opera
240 2659 340 2718 meriti
373 2667 443 2718 sunt
475 2667 685 2737 praeceptores
718 2659 864 2718 carissimi
896 2657 1066 2717 Aliredns
1104 2656 1144 2715 de
1177 2655 1261 2715 Gut-

117 2761 268 2842 schmid,
295 2759 447 2825 Adollus
469 2764 646 2843 Harnack,
669 2764 875 2825 Ludoricus
898 2763 1027 2845 Lange,
1051 2763 1161 2842 quibus
1180 2765 1262 2842 quic-

118 2869 188 2947 quid
203 2871 338 2948 praestiti
351 2879 435 2948 grato
449 2873 547 2930 animo
562 2889 609 2932 me
624 2870 734 2932 debere
749 2872 901 2932 confiteor.
932 2870 1081 2931 Adollus
1096 2867 1261 2929 llarnaclr

118 2977 207 3035 etiam
229 2975 360 3055 plagulas
384 2977 554 3056 corrigendi
576 2976 727 3039 molestias
751 2995 868 3038 mecum
893 2978 1033 3056 suscepit.

207 3098 378 3159 Scribebam
397 3099 478 3161 Halis
494 3101 653 3183 Saxonum,
672 3119 774 3162 mense
790 3100 959 3180 Septembri
979 3119 1002 3160 a.
1019 3097 1269 3159 MDCGGLXXX„

703 3299 1004 3403 Goroluoloan'nes
1022 3297 1206 3368 Naumann.
