2926 5040
321 306 412 377 Caput
431 307 477 363 ΙΙΙ.
515 309 555 362 De
575 307 676 362 Iuliani
693 307 787 363 verbis
806 308 1016 364 constituendis.
1180 311 1242 375 139

99 482 287 555 comparetur
302 492 369 536 cum
386 475 459 536 caeli
478 477 582 558 anima,
602 475 638 536 de
659 493 716 555 qua
733 484 818 537 antea
833 475 963 537 lulianus
978 476 1100 560 dixerat,
1119 477 1243 539 dubium
1272 459 1277 465 ⁴

98 589 240 664 nonest,
269 584 340 660 quin
368 581 458 643 verba
485 579 657 658 dcuep-
682 579 718 644 ἐν
740 580 815 660 ἡμῖν
838 584 943 659 ψυχῆς
969 593 1038 664 post
1061 580 1243 660 ἐνοικούιη(

99 684 186 769 αὐτῷ
217 688 354 768 ponenda
386 690 454 749 sint.
500 688 603 768 Neque
637 688 734 749 obstat
760 690 858 750 hiatus
887 685 973 770 αὐτῷ
1007 686 1126 772 ὥςπερ,
1154 710 1242 771 quem

99 794 243 856 lulianum
263 798 445 874 nonxvitasse
460 814 514 856 suo
533 796 598 856 loco
613 796 891 858 demonstrabimus.
920 797 978 857 Sed
993 796 1111 858 obstare
1127 799 1243 860 ridetur

99 902 234 984 Cyrillns,
258 906 309 983 qui
327 922 355 984 p.
376 901 414 964 71
427 903 466 964 E:
489 898 558 964 εἶτά
576 921 685 980 φηςιν,
708 906 818 986 inquit,
841 900 890 965 ὅτι
914 901 1001 981 παρὰ
1019 906 1123 981 ψυχῆς
1143 902 1242 980 κρείτ-

98 1028 193 1072 τονο(
217 1008 268 1071 καὶ
291 1009 453 1087 θειοτέρα(
481 1008 664 1087 ἐνοικούιη(
693 1008 780 1092 αὐτῷ
804 1009 936 1087 φέρεται
960 1008 1064 1091 κύκλῳ
1090 1010 1163 1088 περὶ
1185 1009 1243 1074 τὸν

99 1116 198 1192 μέγαν
227 1114 433 1195 δημιουργόν,
463 1115 482 1193 ἣ
511 1114 592 1193 πρὸ(
622 1114 721 1179 αὐτοῦ
749 1119 807 1178 τοῦ
838 1118 914 1179 θεοῦ
942 1116 1000 1195 τὴν
1028 1114 1146 1194 κίνηειν
1169 1115 1243 1194 ἔχει,

98 1219 204 1299 ὥςπερ
236 1219 311 1299 οἶμα
343 1221 382 1284 τὰ
410 1220 548 1300 ἡμέτερα
581 1220 717 1299 canoro.
760 1223 863 1303 Neque
897 1225 989 1302 igitur
1016 1226 1118 1304 negari
1144 1208 1244 1305 potest

98 1329 239 1409 Cyrillum
256 1330 346 1392 verba
365 1327 471 1406 ὥιπερ
491 1325 553 1391 κτὲ.
574 1348 609 1389 eo
630 1329 694 1390 loco
714 1330 831 1411 legisse,
855 1348 914 1409 quo
933 1330 1006 1390 ferri
1026 1348 1060 1390 ea
1078 1349 1137 1391 non
1156 1350 1243 1410 posse

10 1509 16 1518 ὓ
98 1437 186 1497 modo
209 1438 334 1499 ostendi.
368 1437 425 1498 Sed
446 1436 517 1516 quid
536 1433 651 1497 multa?
683 1436 860 1517 Corruptam
884 1439 942 1497 iam
960 1436 1098 1516 praebuit
1117 1439 1243 1517 scriptu·

16 1578 28 1589 .
98 1563 160 1605 ram
184 1544 289 1605 Iuliani
313 1545 415 1627 codex,
439 1563 528 1624 quem
552 1543 685 1630 adhibuit
709 1544 844 1624 Cyrillus.
892 1544 949 1615 Qui
972 1546 1036 1624 ipse
1060 1562 1179 1623 quoque
1202 1546 1243 1604 vi·

97 1652 171 1711 tium
200 1652 298 1710 inesse
331 1637 537 1711 animadvertit
569 1659 599 1710 et
632 1652 749 1711 omissis
779 1650 877 1711 verbis
908 1647 995 1727 παρὰ
1023 1651 1079 1728 τῆ(
1107 1648 1142 1712 ἐν
1170 1649 1244 1727 ἡμῖν

98 1759 204 1834 ψυχῆς
228 1759 378 1836 corrigere
402 1757 530 1839 studuit3
554 1757 605 1818 sed
630 1755 739 1817 oblevit
762 1757 883 1837 vulnus,
906 1777 966 1818 non
990 1760 1110 1818 sanavit.

186 1864 246 1925 lam
262 1883 331 1925 vero
355 1864 517 1944 deperditis
540 1866 634 1945 ipsius
649 1865 748 1943 operis
766 1863 890 1925 lulianei
913 1864 1074 1945 codicibus,
1098 1872 1159 1925 tota
1182 1865 1244 1926 iere

98 1974 232 2052 quaestio
257 1991 333 2051 quae
357 1981 402 2032 est
426 1957 462 2031 de
485 1971 590 2032 luliani
614 1970 712 2032 verbis
731 1971 947 2032 constituendis
970 1972 1080 2051 pendet
1103 1991 1139 2032 ex
1162 1980 1244 2032 recte

98 2078 288 2140 aestimandis
320 2078 404 2139 libris
437 2097 526 2139 manu
555 2080 674 2158 scriptis
708 2078 896 2139 refutationis
925 2078 1106 2158 Cyrillianac.
1149 2078 1244 2149 Quam

98 2186 185 2264 longe
205 2185 436 2246 emendatiorem
454 2185 631 2266 legeremus,
650 2187 675 2244 si
690 2187 860 2245 etiamnunc
875 2195 1005 2246 exstaret
1024 2180 1141 2247 codex
1156 2182 1244 2246 Gon·

98 2288 495 2371 stantinopolitanuS,
515 2310 604 2371 quem
623 2310 648 2352 a.
668 2288 734 2352 680
757 2292 849 2352 luisse
869 2294 899 2352 in
924 2291 1102 2353 bibliotheca
1121 2295 1244 2372 patriar·

99 2399 165 2460 chei
188 2398 331 2461 docemur
354 2408 487 2461 actorum
511 2399 616 2479 synodi
638 2399 737 2459 Const.
761 2398 825 2459 loco
846 2393 968 2486 (blansi,
987 2419 1009 2460 s.
1030 2418 1112 2461 conc.
1132 2418 1159 2459 n.
1179 2399 1244 2461 coll.

99 2505 148 2566 Xl.
168 2500 246 2586 4103
271 2507 307 2567 cl.
327 2525 417 2586 supra
436 2526 465 2586 p.
481 2503 521 2566 67
534 2500 601 2588 sq).
644 2505 828 2591 Quamquam
852 2509 930 2566 enim
954 2506 1042 2567 verba
1067 2502 1145 2584 ‘duc
1169 2508 1243 2583 χρῆ-

99 2629 144 2674 erc
167 2608 316 2673 ὡιαύτω(
335 2607 511 2689 ἀντεβλήθη
536 2610 617 2688 πρὸ(
637 2608 758 2689 βιβλίον
777 2609 813 2673 ἐν
837 2610 952 2687 (thuan
972 2615 1026 2691 τῆ(
1048 2613 1245 2692 βιβλιοθήκῃ(

98 2716 260 2796 τυγχάνον
283 2721 341 2781 τοῦ
369 2717 508 2782 ἐνταῦθα
536 2716 671 2793 εὐαγοῦ(
700 2716 942 2795 πατριαρχείου’
967 2721 1003 2781 dc
1028 2721 1093 2782 loco
1118 2722 1244 2800 quodam
1311 2774 1313 2777 ,

99 2828 240 2888 dicuntur
259 2827 434 2907 deprompto
454 2846 490 2887 ex
509 2826 585 2887 Xlll.
604 2825 705 2906 Cyrilli
728 2824 814 2907 libro,
837 2827 925 2887 etiam
944 2830 1056 2907 primae
1076 2837 1105 2890 et
1124 2828 1244 2889 alterius

98 2934 235 3015 pentadis
254 2934 388 2995 codicem
409 2937 440 2995 in
460 2935 564 2995 eadem
581 2923 759 2998 bibliotheca
780 2933 873 2994 luisse
892 2935 940 2994 vix
957 2938 1114 3015 quisquam
1137 2936 1245 2995 infitias

99 3045 145 3103 ire
172 3041 259 3102 volet.
300 3040 397 3120 Atque
425 3041 552 3120 deperiit
580 3042 668 3101 etiam
697 3039 772 3100 alter
800 3034 916 3101 codex
943 3050 1088 3103 vetustate
1111 3044 1245 3122 insignis,

100 3151 153 3228 qui
175 3149 232 3210 luit
250 3148 320 3209 olim
339 3141 497 3209 Ioannis
515 3142 728 3227 capnionia.
762 3146 854 3208 Cuius
873 3150 1007 3209 notitiam
1026 3147 1160 3209 Andreae
1176 3148 1244 3208 Cra·
1256 3206 1269 3217 ,

100 3256 208 3316 tandro
225 3254 369 3315 debemus
388 3249 504 3338 (Cyrilli
522 3273 620 3334 opera.
640 3254 771 3314 Basileae
789 3248 899 3334 1528),
919 3257 969 3333 qui
988 3254 1035 3314 die
1052 3252 1104 3315 24.
1119 3255 1246 3332 Augusti

100 3381 126 3423 a.
153 3358 236 3424 1528
264 3361 338 3422 haec
361 3364 391 3422 in
415 3362 597 3443 praelatione
621 3361 759 3422 editionis
789 3378 859 3421 suae
883 3362 1015 3439 scripsit:
1043 3355 1115 3420 “Ex
1138 3359 1244 3420 Biblio-

102 3469 189 3529 theca
212 3468 336 3529 lamihae
361 3468 390 3528 S.
414 3468 560 3529 Dominioi
583 3486 642 3558 que
660 3467 722 3549 hic,
744 3467 785 3548 pij
811 3465 833 3529 do
855 3466 987 3546 religiosi
1009 3474 1122 3551 patres,
1150 3468 1244 3528 Dialo-

103 3583 179 3656 gorr‘r
193 3573 286 3636 libros
304 3577 559 3637 comunicaverut:
583 3594 618 3635 ex
632 3569 839 3634 Phorcanni
861 3581 937 3655 aute,
951 3575 1034 3634 iussu
1052 3573 1247 3640 illustrissimi

101 3701 137 3743 ac
156 3682 331 3742 nobilissimi
349 3681 382 3743 D.
401 3681 529 3761 Philippi
547 3682 726 3743 hlarchionis
741 3682 891 3756 Badensis,
911 3682 1115 3760 patrocinante
1134 3685 1245 3762 optimo

101 3809 137 3851 ac
160 3789 371 3870 eruditissimo,
394 3792 569 3870 omniumqg
586 3789 788 3851 studiosorum
812 3797 946 3870 patrono,
970 3788 1076 3849 lacobo
1095 3789 1246 3871 llirshero,

100 3897 161 3958 duo
185 3895 359 3975 deprompta
380 3888 452 3957 sunt
475 3896 653 3975 exemplaria
677 3897 801 3979 Graeca,
829 3898 922 3956 mirae
946 3897 1142 3975 antiquitatis:
1170 3915 1245 3975 quae

100 4004 172 4065 olim
195 4003 359 4063 doctissimi
378 3995 536 4064 Ioannis
555 4000 759 4082 capnionia
783 4005 875 4064 luere.
911 4003 1005 4063 Porro
1025 4021 1127 4098 unum,
1149 4001 1245 4082 Ephe·

100 4112 160 4172 sini
179 4108 292 4188 consilij
318 4117 382 4170 acta
400 4113 544 4192 cotinens,
567 4112 627 4171 uni
647 4129 713 4171 cum
735 4111 868 4171 eiusdem
892 4111 1071 4170 sanctissimi
1090 4116 1120 4170 et
1138 4109 1245 4169 doctis·
1316 4098 1320 4104 ’

99 4218 170 4279 simi
184 4218 240 4277 vin
231 4216 395 4299 epistolis,
413 4217 463 4277 uel
481 4210 530 4300 (ut
541 4217 594 4298 ahj
610 4211 733 4299 uocant)
752 4216 846 4297 libris,
865 4218 934 4296 quia
952 4234 1032 4276 nunc
1046 4214 1084 4275 ob
1103 4218 1262 4295 temporis

11 4368 15 4377 .
99 4324 268 4403 angustiam
291 4322 404 4384 absolui
425 4342 484 4384 non
508 4326 614 4406 potuit,
637 4323 809 4414 propediem
833 4324 954 4403 proprio
978 4332 1058 4383 tomo
1081 4323 1246 4416 inuulgabi·

100 4448 178 4492 mus.
219 4427 353 4490 Alterum
385 4449 455 4491 vero
485 4433 574 4510 quim
603 4430 729 4491 fidehter
758 4431 855 4511 licuit,
885 4447 1019 4511 versum,
1046 4430 1104 4491 iam
1131 4433 1244 4509 accipe:
