2926 5040
480 312 523 367 De
540 311 641 366 Iuliani
659 311 794 366 librorum
812 313 887 368 fabis.
1125 393 1128 399 .
1212 315 1256 380 43

198 477 276 538 Satis
304 479 431 559 amplam
459 480 694 559 fragmentorum
727 482 835 540 scriem
864 498 933 540 cnm
963 499 999 540 ex
1030 481 1114 543 bbris
1145 482 1257 544 Graece

107 586 247 664 servatis,
275 593 338 645 tum
366 604 403 646 ex
429 588 467 646 iis
496 589 546 665 qui
576 585 686 645 Graece
715 588 772 646 iam
801 586 912 648 dudum
941 590 1110 670 perierunt,
1145 590 1259 669 Syriaci

105 689 140 751 ht
159 691 278 753 codices
301 692 387 753 nobis
410 701 578 772 praestent,
601 711 698 772 neque
722 701 820 754 tamen
839 693 974 754 Fabricio
999 697 1139 755 assentiri
1162 696 1257 756 audeo

106 817 125 858 e
147 798 220 859 locis
240 798 390 859 nonnullis
405 799 482 879 apud
496 799 608 860 Mosam
628 799 681 860 bar
696 798 824 879 Cepbam
843 800 969 880 laudatis
989 800 1147 881 colligenti,
1167 805 1258 862 totius

106 905 259 987 Cyrilliani
282 908 381 985 operis
404 907 570 966 versionem
599 906 748 984 qnondam
772 907 848 986 apud
874 907 964 986 Syros
987 909 1145 968 exstitisse.
1184 908 1258 968 Nam

142 1024 175 1112 l)
200 1032 296 1090 omnia
325 1032 387 1091 fere
415 1031 579 1108 fragmenta
607 1049 642 1090 en
672 1049 731 1091 uno
759 1031 840 1092 fonte
868 1024 967 1110 (codd.
996 1029 1062 1112 ΑΒ)
1091 1033 1255 1114 prodeunt5

198 1138 275 1217 apud
308 1145 424 1198 ceteros
457 1137 547 1216 Syros
585 1136 691 1198 borum
728 1137 873 1198 librorum
909 1140 956 1198 vin
993 1137 1086 1198 ullum
1122 1140 1256 1201 invenies

198 1246 370 1324 vestigium,

142 1363 180 1451 2)
204 1369 306 1448 plenas
330 1370 479 1430 exstitisse
498 1371 651 1430 versiones
671 1372 802 1432 omnium
822 1373 1003 1450 scriptorum
1022 1371 1203 1433 Graecorum
1227 1374 1258 1431 in

199 1475 422 1537 collectionibus
445 1470 506 1537 AB
530 1476 715 1537 laudatorum
739 1479 786 1537 vix
811 1480 873 1538 veri
897 1477 991 1538 simile
1016 1485 1070 1539 est.

117 1607 176 1691 ·3)
199 1608 262 1670 Mar
290 1609 412 1689 Sergius
441 1629 457 1670 e
481 1601 593 1692 vitm,
620 1612 706 1670 errius
734 1629 831 1690 neque
860 1612 984 1690 patriam
1010 1630 1106 1690 neque
1130 1618 1257 1672 aetatem

198 1727 309 1784 scimus
346 1718 419 1805 (nisi
448 1725 527 1785 idem
557 1733 603 1786 est
633 1745 666 1786 ac
697 1721 760 1786 Mar
791 1725 927 1807 Sergius,
963 1725 1052 1787 abbas
1082 1727 1255 1787 Monasterii

196 1831 339 1914 Arabum,
366 1835 453 1893 cuius
481 1841 624 1894 tractatus
651 1833 793 1894 adversus
822 1841 985 1895 sectatores
1014 1833 1137 1895 Paube
1166 1833 1257 1894 Beth

196 1937 352 1999 Ukkame
374 1938 509 2020 [Assem.,
523 1937 555 2000 B.
570 1939 603 2000 Ο.
619 1939 654 2020 ll,
669 1938 720 2001 69.
735 1937 814 2017 331]
835 1942 866 2000 in
886 1940 990 2000 eodem
1010 1941 1111 2002 codice
1131 1942 1150 2001 f.
1169 1937 1256 2002 1251)

197 2041 363 2128 laudatur),
395 2045 453 2106 duo
483 2053 597 2106 tantum
631 2044 732 2124 Cyrilli
761 2045 869 2126 libros,
902 2049 1023 2106 tertium
1052 2055 1082 2106 et
1110 2055 1257 2127 quartum,

200 2155 373 2232 cognovisse
401 2153 530 2233 videtur,
560 2171 651 2231 quum
676 2171 711 2212 ex
739 2154 776 2212 iis
800 2152 870 2213 solis
899 2155 1063 2213 sententias
1087 2152 1185 2233 Cyrilli
1215 2153 1255 2212 af·

199 2260 275 2320 ferat
298 2254 365 2342 (frr.
389 2254 523 2340 2-10).

139 2380 177 2466 4)
202 2385 398 2463 fragmentum
418 2382 461 2444 22
479 2403 496 2444 a
516 2383 625 2444 Severo
644 2383 797 2444 Edesseno
821 2377 866 2467 (eb
891 2381 971 2466 861)
995 2391 1143 2445 servatum
1168 2384 1257 2446 alium

200 2499 406 2573 translatorem
421 2499 520 2578 prodit
535 2486 637 2585 (lm
650 2518 704 2579 pro
718 2485 828 2585 be
851 2500 919 2560 inde
935 2500 1077 2560 Severum
1092 2503 1258 2561 versionem

200 2617 349 2696 Syriacam
363 2617 525 2697 ignorasse,
540 2635 576 2676 ex
591 2619 655 2695 ipso
666 2615 778 2676 Graeco
793 2624 877 2677 textu
892 2614 1079 2676 transtulisse
1090 2616 1257 2677 concludas.

199 2741 242 2801 td
273 2740 489 2802 diiudicandam
524 2742 728 2818 quaestionem
759 2747 896 2800 accurata
933 2738 1115 2800 collectionis
1144 2742 1175 2801 in
1206 2742 1258 2802 ΑΒ

108 2857 244 2909 servatae
268 2849 492 2927 investigatione
516 2865 591 2926 opus
615 2854 674 2927 est,
702 2864 790 2925 quam
818 2848 975 2906 instituere
998 2846 1047 2906 bic
1071 2865 1200 2928 nequeo,
1228 2849 1257 2908 id
1368 2889 1377 2910 Ι

108 2964 224 3037 tamen,
251 2954 330 3034 quod
359 2953 486 3015 Fabricii
517 2956 648 3033 opinioni
677 2954 775 3013 favere
806 2952 938 3034 videtur,
965 2952 1093 3013 lectores
1120 2956 1258 3032 ignorare

109 3062 193 3143 nolo,
221 3061 356 3122 vertendi
384 3078 478 3139 genus
505 3063 536 3120 in
565 3060 611 3120 bis
639 3061 812 3138 fragmentis
842 3053 899 3139 (22
927 3053 1065 3140 excepto)
1095 3060 1258 3122 exhibitum

109 3170 190 3230 idem
214 3170 341 3229 inveniri
368 3167 446 3247 apud
476 3185 544 3227 eum
568 3169 619 3246 qni
643 3166 775 3226 eiusdem
799 3164 899 3246 Cyrilli
923 3168 953 3224 in
977 3165 1087 3226 Lucam
1111 3185 1258 3227 commen·

111 3278 203 3336 iarios
227 3271 346 3356 Syriaco
371 3276 525 3335 convertit.
575 3273 726 3353 Epaucis
751 3272 833 3351 Syris
863 3280 921 3352 est,
945 3274 996 3350 qui
1020 3290 1141 3332 sensum
1166 3277 1257 3352 magis

110 3401 199 3461 quam
223 3382 336 3461 singula
360 3380 449 3442 verba
473 3380 675 3441 reddiderunt.
708 3378 770 3459 Ego
790 3381 819 3439 in
840 3379 989 3439 vertendis
1010 3377 1138 3457 Syriacis
1159 3383 1257 3441 minus

110 3489 231 3550 Latinae
261 3507 347 3568 quant
377 3489 513 3568 Syriacae
541 3488 657 3566 linguae
687 3489 831 3547 rationem
854 3486 959 3567 babui3
987 3489 1017 3546 in
1050 3487 1258 3548 constituendo

109 3590 411 3677 textuapographa1)
435 3613 539 3675 presse
567 3602 688 3655 secutus
720 3612 802 3675 sum,
831 3595 995 3672 scripturae
1019 3595 1190 3653 varietatem
1214 3596 1259 3654 in·

109 3712 226 3783 tegram
248 3701 397 3785 adnotavi,
420 3701 561 3763 vocabula
585 3703 697 3761 rariora
720 3703 750 3761 in
775 3700 833 3761 fine
849 3702 1002 3779 congessi.

247 3899 268 3959 l.
300 3896 511 3979 Fragmenta
534 3897 709 3957 librorum
734 3898 794 3976 qui
818 3895 951 3956 Graece
975 3901 1128 3954 exstant.

328 4021 360 4106 1)
385 4023 448 4084 Lib.
493 4021 514 4083 l.
538 4022 583 4082 ed.
603 4021 676 4082 tob.
700 4041 727 4101 p.
752 4015 1055 4100 uolt-torti,

326 4124 361 4212 2)
406 4177 424 4212 „
469 4128 516 4190 lll.
548 4177 566 4211 „
633 4177 651 4210 ,‚
700 4148 728 4208 p.
753 4123 1033 4203 wat-taut,

108 4269 326 4281 .......—-——

184 4342 212 4409 1)
230 4337 400 4408 Fragmenta
415 4344 438 4394 1.
454 4343 478 4392 2.
495 4344 536 4393 11.
552 4341 594 4391 to.
611 4341 644 4390 18
657 4336 719 4406 ipse
734 4335 778 4390 Fr.
793 4335 946 4403 Baethgem
962 4333 1063 4387 doctor
1076 4331 1257 4402 Kiloniensis,

108 4433 208 4488 cetero
224 4426 391 4482 Hormiadas
409 4426 595 4482 Nestorianus
614 4425 771 4496 exscripsit.
