2926 5040
144 328 209 392 116
644 327 734 399 Caput
752 328 785 382 Il.

144 497 344 558 Animadverti
372 505 470 558 etitem
498 499 591 578 iuvat,
619 516 707 576 qnem
731 500 893 558 servaverit
915 496 1047 558 lulianus
1075 498 1105 558 in
1128 495 1291 558 tractandis

145 605 270 666 deorum
288 605 373 665 donis
388 607 602 665 sententiarum
618 605 761 666 ordinem.
794 605 901 685 lncipit
915 607 994 666 enim
1013 605 1049 666 ab
1069 607 1293 666 enumeratione

144 731 245 773 earum
270 731 372 773 rerum
396 731 471 792 quae
493 715 613 792 paganis
637 713 703 773 data
726 715 800 773 sint:
823 732 857 773 ac
880 715 1009 792 primum
1029 713 1150 791 quidem
1173 730 1293 772 enume-

143 830 189 881 rat
211 820 339 901 litteras,
368 819 475 880 deinde
504 822 583 880 viros
612 822 642 880 in
671 839 704 880 re
732 819 850 899 publica
874 819 1065 893 excellentes,
1094 821 1220 880 tertium
1247 838 1293 879 res

145 920 286 1010 sacras¹).
324 926 439 998 Quibus
462 927 581 986 inverso
600 925 704 986 ordine
727 929 850 1006 opponit
868 924 1045 986 ludaeorum
1064 934 1094 986 et
1113 925 1293 987 Christiano·

145 1052 211 1093 rum
235 1033 334 1093 lesum
355 1033 548 1114 Nazarenum,
572 1051 634 1093 rem
658 1032 821 1112 publicam,
844 1033 966 1094 litteras.
1004 1032 1046 1093 Ac
1064 1032 1102 1092 de
1125 1032 1294 1112 republica

147 1126 244 1201 tribus
267 1142 327 1219 agit
350 1141 531 1220 fragmentis.
568 1139 642 1199 Nam
669 1140 731 1200 fere
760 1158 878 1219 semper
906 1142 936 1199 in
965 1138 1089 1199 aliorum
1117 1138 1294 1219 populorum

146 1255 293 1326 potestate
314 1257 414 1308 narrat
437 1248 529 1308 fuisse
548 1247 672 1307 ludaeos
692 1249 729 1325 fg.
745 1243 841 1307 2091}
857 1265 935 1327 sqq.;
958 1265 1038 1307 nunc
1057 1248 1136 1306 enim
1155 1245 1295 1307 Romanis

146 1372 197 1413 eos
226 1373 292 1415 esse
321 1347 496 1434 subditos2).
541 1352 644 1431 Neque
672 1355 770 1413 minus
798 1352 897 1413 Iesum
920 1353 1104 1413 Nazarenum
1132 1355 1164 1413 in
1193 1370 1296 1413 eorum

146 1479 270 1521 numero
294 1462 396 1542 fuisse,
420 1463 471 1539 qui
489 1459 689 1521 Romanorum
714 1462 887 1540 imperatori
909 1459 1048 1521 oboedire
1072 1468 1176 1520 essent
1194 1462 1296 1520 coacti.

148 1566 190 1626 Ea
214 1575 321 1647 autem,
345 1565 454 1645 quihus
477 1564 507 1624 id
532 1567 690 1644 exponitur
714 1565 819 1626 luliani
843 1565 945 1647 verba,
968 1567 1006 1646 fg.
1022 1563 1121 1627 213Α
1137 1585 1216 1648 sqq,
1239 1586 1297 1646 quo

149 1674 262 1734 facilius
295 1693 363 1734 cum
396 1673 639 1734 antecedentibus
668 1676 936 1754 coniungerentur,
971 1673 1102 1752 paullum
1138 1673 1225 1733 modo
1259 1677 1299 1734 ita

149 1782 332 1861 mutaverim,
356 1790 388 1842 ut
412 1780 509 1841 verbis
533 1776 551 1839 ὁ
575 1775 654 1854 παρ’
678 1777 751 1855 ὑμῖν
775 1777 1007 1856 κηρυττόμενος
1030 1775 1145 1856 Ἰητοῦτ
1168 1784 1300 1861 partiou-

149 1886 205 1946 lam
230 1884 281 1948 καὶ
303 1890 539 1968 praemitterem,
565 1905 639 1965 quae
664 1882 776 1947 ‘etiam'
800 1886 945 1948 hocloco
969 1887 1158 1966 significaret.
1195 1888 1301 1966 Neque

149 2013 219 2054 vero
243 1995 316 2054 ferri
343 2013 430 2074 posse
461 2004 518 2055 tam
543 1996 685 2054 miserum
713 1996 758 2055 rei
785 1994 920 2073 publicae
950 2004 1059 2056 statum
1086 2013 1121 2055 ac
1144 2013 1182 2054 ne
1207 2014 1302 2056 unum

40 2125 60 2142 ν
148 2101 268 2180 quidem
301 2103 428 2161 inveniri
461 2101 537 2180 apud
566 2100 690 2161 ludaeos
718 2101 838 2182 ducem,
870 2103 921 2180 qui
954 2120 1022 2162 cum
1054 2101 1222 2162 Alexandro
1251 2111 1303 2163 aut

149 2207 275 2268 Caesare
295 2209 426 2268 conferri
444 2209 547 2288 possit,
565 2227 594 2286 p.
609 2204 748 2285 218sqq.
773 2208 908 2286 explanat
926 2206 1066 2268 lulianus.
1103 2207 1178 2268 Dein
1202 2208 1303 2269 tribus

151 2334 225 2393 quae
250 2323 417 2393 sequuntur
441 2315 614 2392 fragmentis
638 2313 673 2372 de
699 2313 805 2374 litteris
829 2317 888 2393 agit
909 2313 1086 2374 ludaeorum
1110 2325 1141 2375 et
1160 2314 1303 2376 Christia-

149 2440 269 2502 norum3
298 2428 414 2481 exstant
438 2429 536 2481 autem
565 2420 637 2480 baec
661 2421 825 2499 fragmenta
847 2440 876 2500 p.
891 2418 954 2481 221
969 2421 993 2481 Ε
1008 2439 1085 2502 sqq,
1109 2418 1210 2482 224C
1228 2442 1304 2505 sqq,

149 2526 245 2590 2290
261 2548 324 2607 sqq.
365 2528 498 2599 Quorum
518 2531 647 2607 primum
667 2527 738 2606 quid
758 2527 815 2588 sihi
833 2527 903 2588 velit
926 2528 1038 2589 frustra
1057 2547 1164 2589 eruere
1187 2528 1304 2590 labora·

151 2639 238 2716 veris,
261 2638 319 2695 nisi
342 2634 431 2694 verba
450 2634 554 2694 loliani
572 2655 601 2714 p.
616 2632 712 2695 221Ε
737 2635 869 2695 codicem
887 2633 1069 2695 Marcianum
1090 2632 1155 2696 123
1178 2645 1305 2696 secutus

150 2746 191 2804 ita
216 2743 421 2802 constitueris:
444 2736 515 2801 ἀλλ’
534 2738 553 2802 ὁ
575 2743 631 2817 τῆτ
654 2739 816 2802 πολιτεία(
835 2738 948 2817 θεεμὸτ
972 2739 1023 2802 καὶ
1045 2739 1145 2803 τύποι
1164 2742 1234 2803 τῶν
1259 2744 1304 2803 δι-

151 2845 336 2924 καττηρίων,
358 2846 378 2924 ἡ
402 2845 438 2907 δὲ
457 2846 530 2923 περὶ
552 2846 609 2908 τὰ(
628 2845 739 2909 πόλει(
757 2845 922 2924 οἰκονομία
941 2846 991 2909 καὶ
1010 2845 1048 2908 τὸ
1071 2845 1198 2924 κάλλος,
1223 2847 1244 2934 ἡ
1269 2849 1305 2910 δὲ

151 2955 187 3018 ἐν
210 2958 278 3017 rof(
297 2953 472 3031 μαθήματιν
491 2952 629 3016 triboci(
653 2953 714 3029 οὐχ
731 2952 884 3032 Ἑβραίων
903 2953 960 3029 μὲν
979 2953 1018 3031 ἦν
1037 2950 1131 3015 ἀθλία
1155 2953 1208 3016 καὶ
1229 2958 1305 3032 βαρ-

155 3062 278 3140 βαρική;
316 3062 450 3122 Tertium
475 3070 574 3122 autem
597 3063 796 3142 fragmentum
817 3059 912 3122 2290
927 3080 990 3140 sqq.
1014 3061 1119 3121 lacuna
1142 3061 1305 3139 discissum

151 3177 197 3230 est
220 3166 284 3230 229
298 3167 331 3229 Ε.
370 3167 427 3227 Ubi
451 3170 530 3227 enim
558 3171 652 3229 vetuit
674 3168 806 3229 lulianus
829 3168 1012 3229 Christianos
1036 3167 1163 3228 Graecas
1185 3168 1307 3229 litteras

152 3277 284 3357 edoceri,
315 3283 482 3354 sequuntur
510 3274 611 3353 Cyrilli
638 3275 726 3335 verba
755 3273 806 3336 καὶ
834 3270 907 3352 μεθ’
930 3273 1031 3351 ἕτερα.
1077 3273 1152 3334 Dein
1179 3279 1309 3355 exponit

227 3485 252 3552 1)
277 3483 307 3536 P.
327 3484 413 3537 200A
437 3483 549 3536 exstant
575 3481 645 3535 haee
669 3480 770 3535 Iuliani
793 3481 827 3535 de
852 3480 1018 3550 Aesculapio
1041 3478 1140 3535 verba:
1167 3482 1252 3536 ἔλαθέ
1272 3499 1308 3549 με

155 3577 254 3639 μικροῦ
273 3573 307 3624 τὸ
323 3573 448 3637 μέγιετον
467 3577 525 3626 τῶν
542 3571 633 3624 Ἡλίου
652 3573 697 3624 καί
712 3572 780 3623 Διὸ(
799 3572 907 3638 δώρων.
936 3569 1041 3635 Quibus
1056 3586 1071 3623 e
1085 3569 1188 3637 verbis,
1207 3570 1310 3640 impri-

153 3661 206 3715 mis
222 3663 317 3714 autem
332 3677 374 3728 co,
389 3661 463 3729 quod
477 3660 551 3714 inter
565 3676 594 3713 se
610 3661 807 3728 comparantur
821 3658 1003 3727 Aesculapius
1018 3660 1047 3712 et
1061 3657 1198 3726 Christus,
1213 3676 1309 3728 neque

153 3751 247 3804 minus
267 3767 300 3805 ex
318 3748 367 3816 iis,
386 3767 458 3818 quae
477 3750 506 3803 in
525 3749 734 3818 comparatione
753 3749 787 3802 de
806 3748 972 3817 Aesculapio
995 3746 1204 3817 praedicantur,
1228 3748 1310 3802 lucu·

153 3839 308 3896 lentissime
318 3840 444 3908 apparet,
459 3839 623 3909 religionem
637 3838 728 3907 magis
738 3854 822 3907 quam
832 3837 1038 3906 philosophiam
1053 3837 1137 3891 fuisse
1146 3835 1311 3891 doctrinam

152 3946 236 3998 quam
256 3945 388 3983 vocamus
406 3928 637 3998 neoplatonicam.
672 3927 749 3992 Quae
764 3925 855 3995 qualis
874 3925 968 3992 fuerit,
986 3926 1055 3993 quid
1072 3924 1195 3980 voluerit
1213 3942 1310 3995 neque

152 4019 256 4074 rectius
274 4034 364 4086 neque
382 4017 503 4086 pressius
518 4017 626 4072 definiri
644 4033 726 4086 posse
746 4032 843 4070 censeo
863 4031 947 4083 quam
966 4014 1000 4068 iis
1018 4014 1112 4070 verbis
1128 4030 1206 4083 quae
1226 4031 1311 4069 occa-

152 4109 229 4164 sione
243 4109 311 4162 data
324 4105 455 4160 Alfredns
469 4107 504 4161 de
519 4105 685 4161 Gutsehmid
699 4104 904 4174 pronuntiavit:
925 4104 987 4157 ‘der
1001 4103 1254 4172 Neuplatonismus
1270 4107 1311 4159 ist

152 4198 213 4252 eine
234 4194 455 4266 Contrereligiou
473 4213 565 4265 gagen
583 4196 633 4249 das
653 4193 884 4248 Christeuthnm'.

225 4290 252 4357 2)
271 4287 333 4341 Huc
352 4287 480 4354 spectent
499 4303 540 4353 ea,
560 4303 631 4356 quae
651 4302 684 4338 ex
703 4282 843 4338 Theodori
857 4281 1047 4350 Mopsuesteni
1064 4281 1202 4336 librorum
1222 4283 1311 4338 Iulia·

155 4393 270 4430 neotum
290 4375 458 4430 refutatione
477 4376 588 4429 exstant
606 4375 635 4427 in
648 4372 795 4426 Fritzsehii
814 4372 937 4426 editione
956 4388 1056 4426 comm.
1076 4370 1104 4423 in
1120 4371 1155 4423 N.
1171 4371 1204 4424 T.
1224 4390 1252 4440 p.
1267 4380 1311 4441 11,

153 4470 186 4518 ae
199 4496 231 4503 -
245 4471 289 4531 ιο,
309 4469 332 4517 τ».
