2926 5040
146 356 188 420 28
651 359 743 430 Caput
761 362 781 415 Ι.

146 525 277 602 quinque
301 523 419 583 illorum
448 543 592 585 annorum
617 528 760 586 rationem
785 546 800 586 a
828 530 931 606 primis
960 527 1019 587 litis
1043 527 1168 588 Arianae
1192 530 1297 606 initiis,

145 629 268 692 dubium
296 650 361 692 esse
390 650 449 691 non
477 639 588 714 potest,
621 635 693 711 quin
721 633 771 694 illo
804 634 868 694 loco
897 635 932 694 ad
961 635 1107 714 synodum
1135 634 1297 696 Nicaenam

146 741 311 818 respexerit
339 747 486 817 tamquam
516 738 656 799 historiae
690 758 760 799 suae
793 741 988 820 primordium
1017 760 1115 821 neque
1143 739 1181 800 ob
1209 740 1298 802 aliam

146 864 263 906 causam
292 847 456 906 narraverit
479 844 625 925 capitibus
652 843 746 907 1-5
775 865 823 907 res
847 848 969 908 Arianas
997 857 1081 908 antea
1110 857 1209 927 gestas
1239 851 1299 909 nisi

146 953 224 1032 quod
248 971 350 1013 earum
374 954 555 1012 mentionem
578 951 727 1014 Eusebius
756 955 866 1014 lecerat
895 954 1013 1015 nullam.
1051 955 1132 1026 Quae
1157 975 1226 1016 cum
1255 958 1298 1016 ita

145 1063 217 1140 sint,
245 1079 260 1120 a
284 1067 366 1120 recta
390 1061 434 1119 via
462 1059 615 1120 aberrasse
644 1060 716 1121 mibi
740 1062 856 1122 videtur
879 1062 1074 1144 Fritzscbins,
1103 1066 1154 1143 qui
1178 1082 1194 1123 a
1217 1065 1298 1123 victo

144 1168 257 1228 Licinio
281 1175 311 1228 et
330 1160 523 1227 Constantino
547 1186 647 1228 rerum
670 1171 763 1247 potito
783 1168 923 1228 historiae
947 1171 1066 1230 initium
1085 1173 1200 1249 cepisse
1225 1190 1297 1231 con·

144 1275 239 1336 tendit
257 1275 478 1335 Theodoretum
498 1276 581 1336 nisus
600 1278 664 1336 eins
683 1276 781 1336 verbis
800 1279 829 1335 in
849 1277 1032 1355 praefatione
1051 1280 1165 1356 positis.
1197 1278 1297 1339 Anno-

144 1399 210 1441 rum
235 1383 313 1440 eninr
338 1389 457 1440 centum
482 1383 613 1460 quinque
638 1400 706 1442 cnm
730 1385 840 1442 mentio
866 1384 941 1443 facta
965 1385 1003 1443 sit
1026 1383 1093 1444 libri
1114 1383 1144 1444 V.
1169 1403 1231 1464 cap.
1252 1383 1295 1446 39

144 1489 208 1548 lieri
234 1506 291 1547 non
315 1496 426 1567 potest,
455 1496 488 1548 ut
512 1488 684 1567 neglegatur
711 1488 748 1549 lis
771 1489 878 1549 Ariana
903 1489 1006 1549 eodem
1034 1490 1099 1550 loeo
1123 1501 1297 1572 memorata,

148 1597 308 1674 recipiatur
339 1605 456 1674 tempus
480 1595 558 1656 aliud
583 1596 638 1656 alio
667 1595 732 1656 loeo
756 1596 876 1658 dictum.
913 1597 973 1656 lam
998 1617 1068 1657 vero
1093 1600 1224 1677 synodus
1248 1599 1298 1659 Ni-

147 1722 236 1764 caena
264 1703 339 1763 lacta
368 1712 414 1763 est
441 1722 457 1762 a
485 1702 532 1762 die
562 1702 639 1763 Xlll.
663 1703 724 1763 llal.
753 1703 805 1763 lul.
835 1722 930 1783 nsque
958 1703 994 1764 ad
1022 1705 1100 1765 diem
1130 1705 1205 1766 Xlll.
1236 1707 1299 1768 llal.

147 1811 227 1890 Sept.
252 1807 418 1871 11111325.
461 1811 521 1870 lam
555 1829 625 1870 vero
650 1811 855 1871 Theodoretus
884 1812 939 1871 luit
967 1814 1125 1892 episcopus
1150 1811 1300 1892 Cyrensis,

147 1937 221 1997 quae
252 1919 388 1997 paroecia
421 1936 490 1997 pars
524 1925 587 1977 erat
619 1918 763 1978 dioecesis
791 1918 1000 1979 Antiochenae.
1040 1919 1163 1979 initium
1189 1927 1301 2000 autem,

147 2044 205 2105 quo
230 2033 363 2104 tempore
388 2027 507 2104 scripsit
530 2024 745 2104 Theodoretus,
769 2027 849 2104 cepit
868 2025 1011 2104 Syrorum
1036 2044 1130 2086 annus
1154 2044 1170 2085 a
1192 2026 1300 2086 llalen-

146 2134 191 2193 dis
220 2131 412 2212 0ctobribus3
446 2132 483 2192 cf.
515 2131 622 2205 ideleri
656 2133 800 2210 epitomes
832 2140 999 2211 temporum
1027 2151 1051 2192 a.
1083 2130 1164 2194 1831
1201 2133 1300 2194 editae

145 2261 172 2320 p.
195 2239 266 2303 181.
299 2240 424 2302 Exstant
447 2259 517 2301 saue
540 2242 702 2319 scriptores
722 2241 840 2319 quidam
861 2239 987 2322 Syriaci,
1012 2243 1076 2321 qui,
1100 2241 1298 2302 indictionum

145 2351 290 2409 rationem
315 2347 669 2427 Constantinopolitanam
699 2349 808 2428 secuti,
837 2346 983 2407 Kalendas
1008 2348 1199 2428 Septembres
1231 2367 1298 2409 esse

146 2457 303 2516 voluerunt
327 2458 396 2515 anni
415 2458 545 2535 initium3
570 2455 606 2514 ci.
627 2453 774 2514 idelerum
793 2453 810 2512 l.
831 2453 848 2513 l.
867 2473 896 2532 p.
918 2451 989 2514 191.
1008 2451 1082 2516 408.
1121 2455 1179 2515 Sed
1204 2456 1299 2516 luisse

143 2563 198 2622 bos
225 2581 405 2643 perpaucos,
434 2580 449 2621 a
478 2560 616 2620 Kalendis
646 2559 826 2620 Octobribus
854 2579 912 2620 non
943 2563 1103 2621 recessisse
1134 2564 1299 2642 scriptores

145 2666 282 2749 Syriacos
309 2669 395 2747 longe
424 2668 581 2747 plerosque
610 2685 644 2726 ae
673 2685 708 2726 ne
738 2685 789 2726 eos
818 2667 951 2748 quidem,
982 2671 1032 2746 qui
1057 2667 1168 2729 Graeca
1196 2668 1299 2748 lingua

145 2784 316 2857 uterentur,
349 2775 559 2854 benignissime
593 2792 640 2834 me
674 2774 774 2834 docuit
801 2773 939 2834 Allredns
972 2773 1008 2833 de
1037 2773 1221 2837 Gutscbmid.
1263 2776 1297 2836 ld

147 2891 246 2944 autem
270 2883 391 2944 dnbiurn
412 2900 477 2942 1111
501 2889 613 2962 potest,
637 2899 726 2959 quem
750 2899 859 2942 annum
879 2889 998 2942 centum
1023 2883 1153 2960 quinque
1177 2882 1298 2944 illorum

147 2994 276 3070 primum
292 3010 357 3052 esse
377 2990 503 3050 voluerit
517 2988 732 3068 Theodoretus,
751 2996 852 3049 utrum
872 3007 939 3048 enm
958 2991 1065 3068 ipsum,
1085 3007 1143 3067 quo
1163 2989 1299 3051 habitum

91 3108 96 3115 “
145 3106 192 3158 111
216 3098 373 3158 concilium
401 3096 578 3177 Nicacnum,
607 3113 642 3154 an
667 3104 855 3177 sequentem,
879 3097 929 3174 qui
953 3097 1071 3156 initium
1095 3099 1174 3175 cepit
1197 3116 1212 3156 a
1237 3097 1302 3158 llal.

146 3200 303 3264 011325,
341 3204 472 3264 Alterum
498 3205 524 3263 si
548 3204 696 3281 statueris²
721 3211 871 3261 mortuum
895 3221 960 3262 esse
980 3202 1170 3263 Theodorum
1194 3222 1299 3264 cense-

145 3312 190 3371 bis
218 3330 295 3371 anno
322 3306 478 3392 4281429,
507 3310 558 3370 sed
583 3328 659 3369 anno
687 3305 841 3389 429y430,
873 3311 896 3368 si
925 3308 1051 3369 alterum
1080 3312 1142 3369 veri
1171 3310 1299 3372 similius

145 3418 197 3478 tibi
223 3421 316 3479 visum
341 3421 405 3478 erit.
448 3418 480 3477 ld
510 3417 587 3497 quod
617 3408 751 3477 iuturnm
781 3435 846 3476 esse
875 3416 953 3476 haud
982 3417 1167 3477 crediderim.
1212 3417 1243 3478 Α.
1268 3420 1298 3480 d.

145 3528 224 3586 enim
243 3525 288 3585 lV.
311 3525 353 3584 ld.
372 3525 440 3604 Apr.
461 3544 484 3584 a.
504 3521 569 3584 428
594 3527 797 3603 episcopatum
818 3523 1174 3604 Constantinopolitanum
1195 3544 1297 3585 snsce-

144 3635 224 3712 pisse
243 3632 412 3693 Nestorium
434 3634 518 3692 testis
538 3639 584 3691 est
603 3631 741 3690 Socrates
761 3630 787 3689 b.
809 3649 834 3690 e.
853 3630 904 3690 Vll
924 3628 974 3691 29.
1008 3631 1156 3691 Continuo
1177 3640 1298 3694 coortae

145 3748 215 3800 sunt
234 3742 453 3799 controversiae
473 3738 537 3797 illae
558 3738 759 3816 Nestorianae,
784 3756 908 3814 quarum
928 3739 1019 3796 visin
1040 3737 1103 3797 dies
1123 3738 1297 3817 augebatur.

144 3846 246 3926 Neque
270 3848 335 3906 fieri
359 3847 464 3925 potuit,
488 3847 559 3922 quin
578 3845 615 3902 iis
639 3842 842 3922 implicaretur
861 3841 1037 3903 Theodorus
1057 3844 1299 3928 Mopsuestenns,

143 3957 168 4014 si
192 3956 263 4014 vixit
286 3956 375 4013 etiam
399 3971 475 4012 anno
499 3947 648 4031 429y430.
692 3950 795 4028 Neque
815 3952 938 4010 minoris
963 3954 1104 4011 momenti
1128 3951 1221 4012 altera
1245 3972 1297 4013 res

144 4069 197 4121 111.
230 4061 329 4122 Voluit
347 4059 553 4120 Theodoretus
572 4076 621 4118 res
641 4057 783 4118 ecclesiae
802 4060 930 4137 posteris
949 4058 1067 4118 tradere
1087 4078 1102 4118 a
1122 4059 1173 4119 lite
1189 4060 1297 4120 Ariana

145 4187 239 4246 usque
272 4166 308 4227 ad
337 4175 455 4228 coortas
484 4166 700 4225 controversias
729 4164 927 4225 Nestorianas.
975 4164 1036 4224 lam
1064 4169 1188 4226 verosi
1217 4167 1245 4227 11,
1270 4186 1298 4230 e.

144 4273 166 4330 V
185 4271 229 4334 40
252 4276 351 4354 operis
370 4275 460 4334 finem
482 4291 547 4332 esse
567 4272 640 4362 dixit
659 4267 834 4346 θεοδώρου
854 4270 904 4332 καὶ
924 4267 1089 4332 Θεοδότου
1108 4271 1166 4349 τὴν
1186 4275 1296 4335 τελευ-

145 4379 216 4456 τὴν,
241 4383 348 4442 vixisse
367 4400 419 4441 eos
438 4381 514 4441 duos
538 4380 599 4438 iere
624 4395 716 4437 annos
735 4386 804 4455 post
827 4378 886 4438 litis
909 4379 1070 4458 primordia
1091 4398 1177 4439 nemo
1201 4381 1298 4442 credi·

145 4487 230 4548 derit.
267 4488 402 4549 Mortuus
421 4490 512 4567 igitur
532 4494 578 4547 est
600 4492 727 4563 uterque
747 4482 992 4565 11114281429.
1026 4485 1130 4564 Neque
1150 4497 1299 4566 repugnat
