2926 5040
201 316 265 378 152
691 315 783 385 Caput
800 314 847 368 ΙΙΙ.

288 480 347 541 lam
372 483 507 543 codicum
532 492 655 542 stemma
680 481 735 542 boc
759 498 907 560 apponere
931 479 1015 555 licet:

815 581 835 636 C

449 708 700 764 0B2Y
938 704 967 758 M

815 787 1074 824 e—a—-s

847 850 945 904 Veneb.
962 855 1021 902 124.
1054 849 1077 901 Ω

570 1171 636 1225 Cod.
656 1170 726 1226 nub.
747 1099 792 1240 (L-
810 1168 969 1236 Mediom.'l)

202 1338 284 1407 Quae
308 1356 376 1397 curn
400 1338 439 1396 ita
464 1337 536 1415 sint,
564 1333 766 1414 quaerendum
795 1333 831 1393 de
856 1335 1003 1413 principio
1032 1341 1078 1394 est
1106 1336 1176 1412 qnid
1205 1337 1352 1397 fueritin

201 1442 380 1521 Capnioneo.
418 1441 503 1512 Quod
527 1440 578 1501 rabi
602 1439 788 1519 exploratum
807 1447 862 1520 est,
885 1448 987 1501 utrum
1011 1440 1171 1520 Capnionei
1196 1442 1286 1502 verba
1309 1446 1351 1504 ita

202 1566 218 1607 a
241 1547 353 1608 Iuliano
378 1546 468 1608 scribi
492 1549 645 1626 potuerint
668 1565 762 1607 necne
786 1546 1007 1608 diiudicandum
1031 1555 1085 1607 est.

290 1655 323 1715 ln
344 1654 441 1715 verbis
456 1662 554 1715 autem
574 1654 752 1715 collocandis
769 1655 951 1716 Marcianum
967 1653 998 1716 Μ
1017 1657 1206 1735 potissimum
1226 1665 1350 1718 secutus

202 1781 277 1825 snm
319 1761 392 1821 Nam
420 1780 447 1840 p.
475 1758 569 1821 1060
598 1758 730 1822 ἐκείνοι(
758 1758 883 1837 ἔπεμψε
912 1761 1017 1823 scribit
1039 1761 1072 1842 V,
1100 1758 1247 1837 ἔπεμψεν
1270 1759 1350 1824 ἐκεί-

202 1886 270 1932 νοι(
290 1867 336 1949 ld,
359 1877 447 1947 atque
468 1868 577 1928 codicis
602 1866 633 1929 Μ
658 1871 806 1948 scriptura
830 1871 918 1929 etiam
942 1857 1059 1950 legitur,
1083 1869 1134 1929 nbi
1152 1867 1227 1927 haec
1245 1866 1351 1928 loliani

202 1974 290 2035 verba
309 1991 325 2032 a
344 1973 500 2034 Theodoro
515 1973 724 2053 Mopsuesteuo
744 1968 788 2056 (in
803 1973 837 2034 N.
852 1974 884 2035 F.
898 1993 1008 2035 comm.
1024 1975 1069 2037 ed.
1085 1974 1236 2037 Fritzsche
1252 1994 1280 2054 p.
1296 1968 1350 2056 10)

201 2081 367 2158 laudantur,
391 2083 441 2159 qui
465 2100 523 2141 non
544 2101 580 2141 ex
599 2081 699 2161 Cyrilli
719 2083 907 2164 refutatione,
931 2082 983 2142 sed
1004 2101 1039 2142 ex
1059 2085 1124 2162 ipso
1143 2081 1251 2142 iuliani
1273 2081 1351 2142 libro

203 2205 256 2247 sua
279 2188 387 2247 hausit.
423 2228 425 2232 -

292 2293 333 2354 lle
364 2293 544 2354 editionibus
577 2294 705 2373 deniqne
734 2297 833 2374 operis
861 2294 1011 2374 Cyrilliani
1039 2294 1194 2356 Fabricius
1222 2296 1252 2355 in
1282 2293 1355 2355 bibl.

203 2401 305 2461 Graec.
330 2399 385 2459 vol.
408 2392 462 2460 lX4
485 2419 513 2479 p.
537 2396 603 2462 455
618 2420 681 2480 sqq.
705 2404 745 2461 ita
773 2403 846 2481 egit,
868 2410 901 2462 ut
929 2421 983 2482 ego
1012 2401 1053 2462 nil
1081 2402 1197 2462 adicere
1223 2421 1357 2481 possem.

203 2508 306 2586 Neque
332 2508 409 2567 enim
431 2509 585 2585 quisquam
610 2510 640 2567 in
664 2507 787 2568 edendis
811 2515 913 2568 contra
933 2508 1079 2569 lulianum
1102 2508 1186 2569 libris
1210 2511 1280 2570 novi
1305 2509 1358 2570 ali-

204 2613 274 2692 quid
302 2614 451 2692 praestitit
479 2614 536 2671 nisi
560 2611 816 2693 Oecolampadius,
839 2613 1023 2694 Borbonins,
1051 2614 1210 2675 Aubertus
1256 2614 1360 2694 Atque

206 2716 450 2797 oecolampadius
474 2716 584 2777 codicis
608 2718 770 2797 Capnionei
793 2720 1069 2797 interpretationem
1093 2719 1228 2781 Latinam
1251 2722 1361 2801 impri-

208 2823 344 2885 mendam
365 2825 478 2883 curavit
497 2843 520 2885 a.
543 2820 627 2886 1528
647 2823 778 2886 Basileac
798 2825 875 2905 apud
896 2825 1101 2887 Cratandrum.
1139 2821 1277 2888 ‘Librum
1296 2831 1361 2908 pri-

206 2950 285 2992 mum
310 2931 421 2992 Graece
444 2933 559 3010 primus
584 2950 652 2992 cum
676 2949 749 2991 nova
773 2931 895 2991 meliore
920 2933 1055 2992 versione
1080 2950 1180 2992 suaa.
1208 2928 1295 2994 1619
1320 2935 1361 2995 ad

205 3038 365 3098 editionem
392 3038 546 3098 adornavit
577 3037 715 3098 Nicolaus
743 3036 925 3119 Borbonins,
960 3038 1112 3116 professor
1141 3049 1171 3100 et
1204 3041 1363 3121 interpres

206 3147 314 3225 regine,
333 3147 364 3204 in
384 3147 468 3206 cuius
484 3144 635 3224 opusculis
655 3153 781 3222 utraque
800 3144 901 3223 lingua
915 3143 1025 3223 prodiit
1038 3144 1130 3206 Paris.
1148 3143 1242 3207 1630.
1261 3144 1363 3211 1654.

208 3246 269 3311 12?
295 3245 464 3331 (Fabricius
488 3251 507 3310 l.
530 3251 548 3310 Ι.
571 3270 599 3330 p.
623 3243 714 3332 471.)
774 3251 841 3330 lpse
866 3251 1025 3311 editionem
1049 3250 1267 3314 Borbonianam
1286 3255 1366 3317 mihi

208 3376 380 3437 comparare
413 3376 509 3436 nsque
537 3357 632 3418 adhuc
664 3358 774 3417 frustra
804 3359 943 3435 quaesivi.
992 3353 1111 3419 ‘Totum
1140 3377 1215 3437 opus
1244 3359 1365 3423 Graece

209 3473 239 3526 et
262 3464 363 3524 Latine
392 3466 522 3543 primum
550 3466 581 3523 in
605 3463 730 3524 Auberti
758 3463 887 3524 editione
913 3464 1110 3543 conspicitur,
1137 3462 1212 3524 liber
1241 3468 1366 3545 primus

209 3590 245 3631 cx
269 3570 424 3650 Borbonii,
453 3573 544 3631 ceteri
574 3589 610 3629 ex
638 3569 764 3631 Auberti
791 3559 1060 3649 interpretatione?
1082 3556 1258 3652 (Fabricius
1281 3573 1301 3634 l.
1327 3572 1365 3657 l.)

208 3679 305 3756 Atque
325 3676 470 3738 editiones
490 3676 609 3737 Latinae
630 3696 724 3756 usque
745 3678 781 3737 ad
800 3676 1010 3737 Aubertianam
1028 3674 1248 3759 Oecolampadii
1266 3681 1364 3742 inter·

207 3785 403 3863 pretationem
430 3786 648 3865 repetiverunt3
678 3782 803 3844 Auberti
832 3783 922 3843 editio
953 3782 1051 3843 denuo
1079 3785 1223 3862 impressa
1253 3795 1302 3847 est
1331 3791 1365 3850 in

207 3890 311 3951 luliani
330 3890 460 3950 editione
476 3889 692 3970 Spanbemiana
709 3899 738 3950 et
757 3892 787 3950 in
802 3890 903 3968 Mignii
922 3889 1085 3968 patrologia
1099 3889 1219 3972 Graeca,
1240 3892 1297 3953 vol.
1312 3893 1365 3957 76.

297 3995 376 4056 Haec
396 3997 432 4056 de
452 4006 515 4057 arte
538 3999 640 4057 critica
663 3999 693 4056 in
713 3996 820 4076 Cyrillo
841 3996 1012 4076 factitanda3
1037 3994 1073 4056 de
1092 3997 1191 4057 Photii
1209 4005 1364 4078 quaestio-

208 4122 279 4164 num
307 4103 617 4182 Ampbilochianarnm
645 4102 797 4165 codicibus
828 4122 921 4182 pauca
954 4102 1078 4163 dicenda
1106 4112 1190 4184 sunt,
1224 4124 1303 4184 quae
1333 4111 1365 4170 in

209 4218 351 4289 apparatu
375 4212 479 4270 critico
503 4229 557 4271 suo
580 4210 645 4270 loco
670 4213 765 4289 posita
789 4212 930 4288 reperies.

298 4316 332 4375 ln
355 4319 594 4379 testimoniorum
609 4326 707 4378 autem
724 4335 882 4376 numerum
901 4324 1037 4396 receptos
1054 4318 1140 4377 etiam
1157 4335 1209 4377 eos
1224 4319 1366 4384 invenies

213 4422 313 4505 Cyrilli
341 4423 422 4484 locos
451 4444 486 4485 ex
511 4426 688 4486 refutatione
712 4422 917 4504 depromptos,
947 4422 1057 4502 quibus
1080 4422 1211 4484 lulianea
1240 4444 1304 4490 non
1329 4430 1367 4490 ad
