2926 5040
207 311 251 372 40
717 263 808 378 Caput
825 307 846 360 l.

208 476 424 537 ostendendum
448 477 519 557 erit,
546 476 665 554 triginta
691 492 798 534 censeo
822 476 991 535 constitisse
1013 472 1099 534 libris
1123 481 1233 535 vastam
1257 472 1363 554 cyrilli

208 584 425 643 refutationem.
463 582 647 660 Quamquam
670 581 768 642 obstat
791 600 825 642 ea
849 600 906 662 rea,
930 580 1010 660 quod
1033 581 1198 660 fragmenta
1220 582 1363 661 pentadis

209 708 305 769 neque
339 692 458 769 quintae
487 708 584 768 neque
618 697 718 749 sextae
746 696 916 768 supersunt.
957 689 1152 750 Notissimum
1185 698 1286 749 autem
1315 695 1364 750 est

209 800 283 858 tanti
310 799 409 877 operis
433 795 599 876 descriptos
623 814 688 856 esse
722 805 752 856 et
784 795 877 856 lectos
904 796 1080 876 plerumque
1108 798 1221 876 primos
1249 794 1360 877 libros3

209 922 306 983 neque
338 903 482 963 absonum
517 911 570 975 est,
596 904 721 981 primam
753 902 906 975 decadem.
925 903 1071 982 integram
1103 909 1248 963 servatam
1284 920 1364 984 esse,

209 1011 331 1072 alterius
354 1010 389 1070 ad
414 1029 468 1071 nos
492 1008 632 1070 nonnulla
651 1011 822 1088 pervenisse
845 1009 1019 1093 fragmenta,
1046 1012 1150 1072 tertiae
1175 1008 1290 1071 nullum
1310 1028 1363 1070 ex·

209 1127 288 1178 stare
311 1109 510 1199 vestigium¹).
552 1117 612 1176 Iam
636 1135 705 1176 vero
733 1116 876 1195 pentades
899 1119 987 1178 tertia
1010 1124 1040 1177 et
1068 1125 1174 1197 quarta
1202 1116 1365 1179 exstabant

209 1228 297 1286 etiam
325 1224 510 1303 temporibus
536 1224 654 1284 Ioannis
680 1223 866 1304 Damasceui‚
898 1226 949 1303 qni
977 1222 1056 1284 diem
1084 1242 1257 1303 supremum
1287 1224 1366 1287 obiit

209 1334 287 1393 circa
312 1349 421 1390 annum
447 1328 524 1411 7603
548 1333 695 1391 exstitisse
720 1348 769 1390 eas
788 1332 875 1390 etiam
899 1348 977 1390 nono
1001 1331 1120 1392 saeculo
1139 1331 1239 1392 Photii
1262 1339 1365 1394 aetate

208 1439 286 1499 iufra
319 1437 513 1515 comprobare
546 1436 679 1497 studebo.
730 1436 865 1497 Librario
899 1444 998 1497 autem
1027 1439 1055 1497 ei
1087 1440 1139 1517 qui
1172 1456 1248 1499 saec.
1283 1437 1363 1500 XIII.

210 1545 344 1605 codicem
380 1546 501 1624 sempsit
528 1544 710 1604 Marcianum
740 1540 802 1604 123
836 1551 954 1623 praesto
988 1563 1047 1605 non
1076 1552 1169 1606 erant.
1215 1545 1292 1606 Nam
1324 1546 1364 1606 ad

209 1670 409 1748 fragmentum
427 1668 532 1730 Iuliani
551 1688 579 1748 p.
593 1665 693 1730 retu
717 1670 748 1729 in
772 1671 904 1748 margine
928 1669 1078 1730 adnotavit
1100 1670 1187 1732 haec:
1207 1651 1253 1734 {a
1280 1665 1316 1753 (i.
1337 1691 1365 1733 e.

210 1770 353 1857 cqpefov)
378 1771 427 1836 ὅτι
450 1773 501 1836 καὶ
520 1771 673 1850 δεύτερον
700 1772 820 1852 βιβλίον
844 1771 862 1836 ὁ
882 1771 1042 1852 ἀλιτήριος
1066 1773 1197 1854 ἔγραψε.
1232 1776 1285 1839 καὶ
1308 1780 1365 1855 Ζη-

209 1876 399 1966 τέον’(εἰοέ)
427 1879 478 1943 καὶ
505 1879 561 1943 τὰ(
584 1880 665 1956 πρὸ(
694 1879 772 1943 αὐτὸ
800 1884 857 1944 τοῦ
886 1876 960 1958 off
989 1880 1191 1961 ἀντιρρήεειε.
1228 1885 1364 1947 Tertiam

210 2000 307 2052 autem
327 1990 467 2051 decadem
487 1991 576 2050 etiam
596 1988 703 2049 Soidae
727 1988 911 2068 temporibus
931 1993 1079 2051 exstitisse
1098 2010 1136 2051 ne
1155 2000 1219 2052 tum
1239 1993 1365 2071 quidem

209 2118 263 2178 pro
288 2106 370 2158 certo
394 2097 543 2158 adfirmari
564 2096 643 2178 licet,
667 2098 797 2157 sirecte
821 2104 918 2157 statuo
942 2096 1047 2158 Iuliani
1069 2097 1173 2179 verba·
1191 2118 1269 2178 quae
1293 2119 1316 2162 s.
1336 2121 1365 2162 v.

210 2201 349 2267 ἀπόνοια
375 2205 425 2264 ille
454 2205 552 2285 affert,
586 2221 621 2262 ex
650 2204 738 2264 tertio
767 2210 870 2264 contra
898 2202 1082 2265 Christianos
1109 2204 1185 2265 fibro
1214 2225 1281 2267 esse
1310 2208 1365 2268 de-

210 2320 355 2392 prompta.
392 2310 576 2390 Quamquam
596 2312 675 2370 enim
692 2308 723 2370 id
743 2309 866 2371 dubium
885 2329 945 2371 nou
964 2320 1018 2391 est,
1038 2313 1110 2390 quiu
1129 2331 1188 2373 uon
1209 2332 1245 2374 ex
1264 2316 1367 2394 ipsius

210 2421 309 2499 operis
328 2417 451 2479 Iulianei
474 2416 589 2498 codice,
613 2416 665 2477 sed
686 2435 720 2476 ex
740 2418 919 2478 refutatione
942 2419 1068 2497 quadam
1088 2422 1147 2480 siut
1169 2420 1367 2502 deprompta:

211 2528 296 2586 cuius
320 2526 410 2585 fuerit
432 2526 505 2585 haec
528 2525 667 2585 refutatio
691 2526 869 2604 ignoramus.

298 2632 360 2692 farn
384 2650 452 2692 vero
476 2632 558 2712 inde,
585 2630 665 2711 quod
689 2651 704 2692 a
728 2632 828 2713 Moyse
851 2631 1017 2715 Barcepha,
1047 2636 1098 2713 qui
1121 2637 1178 2696 fuit
1201 2640 1367 2718 episcopus

284 2824 310 2892 1)
329 2822 366 2877 Iis
385 2839 455 2892 quae
474 2823 508 2876 de
523 2821 621 2892 Gyrilli
638 2823 773 2877 librorum
791 2840 907 2880 numero
926 2824 1049 2895 exposui,
1069 2825 1155 2880 etiam
1170 2822 1303 2884 AIfredus
1326 2831 1365 2886 de

211 2912 377 2969 Gutschmid
396 2911 557 2980 assentitur,
581 2913 626 2966 oni
644 2930 699 2967 non
722 2911 814 2967 minus
837 2931 922 2982 quam
945 2913 1015 2968 mihi
1040 2932 1204 2984 persuasum
1222 2917 1267 2971 est
1284 2917 1363 2973 refu·

210 3007 284 3058 tasse
304 3002 438 3071 Cyrillum
457 3000 535 3056 denis
553 3000 633 3055 libris
652 3001 776 3071 singulos
794 3001 904 3056 Iuliani.
938 3003 993 3057 Sed
1011 3003 1040 3057 in
1059 3021 1092 3058 ea
1110 3021 1140 3058 re
1158 3006 1266 3075 haeret,
1285 3009 1365 3076 quod

210 3092 312 3146 tertiae
331 3089 443 3144 decadis
466 3091 575 3144 nullum
593 3091 782 3160 fragmentum
805 3091 841 3144 ad
859 3109 910 3146 nos
932 3093 1067 3161 pervenit.
1100 3093 1203 3148 Mirum
1221 3098 1297 3152 corte
1320 3101 1368 3154 est

210 3198 301 3252 neque
325 3180 472 3235 Leontium
496 3197 586 3249 neque
610 3179 743 3234 Ioannem
766 3181 971 3235 Damascenum
994 3200 1083 3252 neque
1108 3201 1155 3238 eos
1178 3185 1227 3253 qui
1247 3188 1365 3244 catenas

210 3273 425 3341 composuerunt
442 3270 588 3340 theologos
606 3287 697 3339 neque
717 3270 837 3325 Graecos
856 3288 946 3340 neque
965 3273 1058 3342 Syros,
1078 3273 1127 3343 qui
1145 3275 1261 3330 alterius
1280 3277 1366 3335 deoa-

213 3363 256 3417 dis
275 3362 379 3416 multos
398 3361 579 3414 servaverunt
598 3359 689 3425 locos,
708 3359 821 3415 tertiam
836 3360 968 3417 decadem
987 3362 1149 3432 inspexisse.
1183 3364 1273 3432 Quam
1287 3366 1364 3422 diffi-

211 3453 346 3507 cultatem
361 3468 393 3505 eo
411 3450 489 3505 tollit
503 3447 722 3516 Gutschmidius,
741 3449 815 3517 quod
833 3449 933 3504 statuit
946 3466 976 3504 re
990 3467 1057 3504 vera
1072 3450 1206 3520 cyrillum
1221 3454 1366 3525 cogitasse

212 3542 246 3596 de
264 3539 413 3594 refutando
431 3538 514 3593 tertio
530 3538 631 3592 Iuliani
650 3537 722 3593 libro
741 3537 820 3593 libris
834 3538 967 3594 vicesimo
985 3539 1076 3610 primo
1095 3559 1183 3611 usque
1202 3543 1239 3598 ad
1252 3545 1364 3602 tricesi-

211 3648 297 3696 mum‚
317 3628 364 3683 sed
382 3630 542 3698 permotum
561 3626 651 3682 causis
666 3627 842 3696 quibusdam,
861 3645 929 3697 quas
950 3633 1121 3700 compertum
1141 3648 1197 3686 non
1214 3634 1364 3706 habemus,

212 3718 360 3775 consilium
378 3720 508 3773 mutasse.
543 3718 587 3772 Ad
612 3717 695 3772 finem
718 3717 806 3787 igitur
825 3736 889 3773 eum
912 3736 981 3789 opus
1005 3737 1086 3774 suum
1109 3721 1272 3791 perduxisse
1291 3723 1365 3780 Gut-

212 3807 363 3863 schmidius
381 3810 475 3877 negat.
508 3806 591 3861 Cuius
610 3808 764 3862 sententiae
781 3807 897 3863 minime
915 3811 1072 3879 repugnant
1086 3809 1255 3867 Theodoreti
1273 3814 1365 3870 verba
1439 3873 1447 3891 .

212 3915 284 3967 quae
303 3913 389 3966 supra
407 3895 492 3950 attuli
510 3898 564 3965 (ep.
579 3902 614 3950 83
634 3897 675 3951 ed.
692 3897 808 3952 Schulze
822 3897 862 3950 IV
876 3903 945 3952 1150
956 3900 1008 3968 sq.)
1027 3899 1165 3954 narrantis
1179 3901 1364 3960 Antiochiam

211 3987 320 4041 misisse
344 3986 479 4056 Cyrilium
502 3986 589 4040 libros
612 4003 682 4055 quos
711 3988 808 4040 contra
832 3987 969 4040 Iulianum
992 3987 1150 4056 scripserat.
1190 3988 1265 4044 Nam
1288 3996 1364 4049 κατὰ

213 4079 361 4153 Ἰουλιανοῠ
386 4074 479 4145 inquit
496 4074 693 4143 ευγγράμματα
717 4074 754 4129 εἰ(
772 4077 824 4143 τὴν
850 4077 1017 4143 Ἀντιόχειαν
1040 4077 1225 4146 ἑκπὲπομφεν.
1261 4081 1365 4153 Neque

213 4165 295 4233 enim,
315 4181 484 4234 quamquam
503 4163 569 4218 inde
587 4161 659 4217 nihil
677 4163 806 4218 concludi
823 4167 930 4233 potest,
950 4165 1025 4234 quod
1045 4166 1123 4220 deest
1141 4167 1275 4224 articulus
1293 4175 1365 4229 ante

213 4256 283 4309 κατὰ
298 4256 455 4322 Ἰουλιανοῡ,
474 4253 623 4322 quicquam
643 4253 745 4321 obstat,
766 4253 914 4321 quominus
928 4271 974 4308 eas
988 4254 1087 4308 Ioanni
1100 4256 1275 4312 Antiocheno
1293 4276 1366 4328 pen·

215 4345 295 4400 tudes
311 4343 444 4412 Gyriilum
462 4341 570 4397 misisse
589 4345 753 4411 statuamus,
771 4360 841 4410 quas
861 4360 893 4397 eo
907 4344 968 4411 ipso
985 4345 1121 4415 temporis
1139 4349 1283 4403 momento
1301 4366 1368 4419 per·

213 4434 324 4489 fecerat.
