2926 5040
440 311 483 366 De
501 309 602 366 Iuliani
620 310 700 366 libris
718 309 906 366 restituendis.
1067 338 1073 350 ·
1186 309 1249 376 135

100 483 130 541 in
159 482 253 560 ipsius
281 499 372 561 opere
401 481 584 562 exstiterint,
612 497 686 558 quae
710 499 727 541 a
749 478 925 560 philosopho
948 478 1114 542 Macariano
1138 482 1248 560 scripta

101 587 144 646 sie
166 587 306 667 leguntur
330 582 444 670 (1122
467 606 495 667 p.
511 580 605 670 202):
633 583 666 648 Εἰ
689 583 725 648 δὲ
748 583 799 647 καί
817 603 864 648 τις
887 586 954 650 τῶν
975 582 1138 664 Ἑλλήνων
1161 583 1247 651 οὕτω

100 693 223 770 κοῦφος
241 694 299 772 τὴν
317 690 457 770 γνώμην,
476 690 521 755 ὡς
539 692 576 756 ἐν
594 694 663 757 τοῖς
681 688 857 770 ἀγάλμαςτν
875 689 972 755 ἔνδον
991 689 1090 755 οἰκεῖν
1109 689 1247 770 νομίζειν

99 798 175 862 τοῦς
194 800 295 878 θεοὺς,
319 786 432 883 πολλῷ
451 798 677 878 καθαρώτερον
696 796 761 878 εἶχε
780 799 839 878 τὴν
858 797 988 863 ἔννοιαν
1005 800 1064 862 τοῦ
1083 796 1246 862 πιςτεύον-

99 925 168 983 τος,
196 903 244 969 δτι
268 904 312 970 εἰς
340 907 399 984 τὴν
426 907 565 984 γαςτέμα
589 904 715 985 Μαρίας
742 903 845 970 ελςέδα
873 905 911 969 τὸ
935 909 1025 970 θεῖον
1050 903 1189 986 ἔμβροόν
1212 925 1247 969 τε

99 1012 230 1089 ἐγένετο
258 1012 309 1077 καὶ
335 1012 450 1091 τεχθὲν
478 1011 724 1092 ἐςπαμγανώθη,
752 1012 867 1091 μεςτὸν
895 1003 1027 1092 αἵματος
1054 1010 1167 1091 χόριον
1195 1010 1247 1075 καὶ

99 1122 199 1198 χολῆς
221 1117 273 1183 καὶ
294 1121 361 1186 τῶν
384 1118 430 1184 ἔτι
453 1121 566 1205 πολλῷ
589 1119 715 1187 τούτων
738 1117 963 1201 ἀτοπωτέρων.

522 1378 524 1382 ,
644 1333 697 1400 25.

187 1460 283 1523 Etiam
312 1462 403 1523 altera
431 1462 468 1523 de
496 1480 529 1522 re
558 1427 695 1542 promisit
717 1461 849 1523 lulianus
876 1462 907 1522 in
931 1461 1024 1522 altero
1053 1460 1129 1521 libro
1157 1461 1247 1522 verba

99 1586 165 1629 sese
185 1587 251 1629 esse
274 1570 432 1630 iacturum.
468 1569 542 1629 Nam
561 1589 589 1649 p.
605 1566 703 1632 2131
718 1588 782 1648 sqq.
807 1587 875 1629 eum
894 1570 1084 1650 qrraesiverit,
1102 1567 1139 1628 ob
1159 1586 1247 1647 quam

98 1693 217 1735 causam
241 1693 278 1735 ne
298 1675 487 1755 decognatis
506 1674 624 1756 quidem
649 1677 711 1737 suis
730 1676 813 1737 lesus
837 1674 913 1736 bene
933 1683 1013 1737 esset
1036 1677 1170 1756 meritus
1193 1694 1247 1736 cor

99 1782 188 1842 etiam
210 1781 290 1842 Mose
313 1783 439 1843 inferior
461 1781 525 1863 ille,
553 1801 642 1862 quem
665 1782 754 1843 deum
778 1801 842 1843 esse
867 1782 1027 1843 Christiani
1050 1789 1247 1864 autumarent,
1356 1773 1360 1779 ’

97 1906 136 1947 ne
159 1888 336 1949 ludaeorum
360 1889 480 1968 quidem
509 1889 628 1949 domare
656 1891 789 1968 potuerit
813 1897 946 1971 gentem,
968 1888 1070 1951 ταῦτα
1097 1886 1246 1966 μὲνοῦν,

96 1996 195 2073 inquit
217 2015 245 2075 p.
261 1991 373 2076 2181,
401 1993 453 2057 καὶ
480 1993 591 2072 μικρὸν
618 1992 767 2076 ὕςτερον,
791 1991 870 2057 ὅταν
898 1992 962 2076 ἰδίᾳ
995 1993 1068 2071 περὶ
1095 1998 1151 2072 τῆς
1180 1996 1246 2057 τῶν

96 2096 297 2175 εὐαγγελίων
319 2094 622 2179 τεματουργίαςκαὶ
646 2099 817 2179 ςκεαωοίας
841 2097 999 2166 ἐξετάζειν
1022 2097 1200 2178 ἀρξώμεθα.

540 2258 542 2262 Ι
642 2312 694 2376 26.

186 2439 313 2521 cyrillus
326 2460 355 2521 p.
373 2438 469 2503 1681
489 2436 770 2517 καταψευδόμενος
788 2437 859 2517 γὰρ,
878 2442 984 2522 inquit,
1002 2443 1170 2518 πανταχοῦ
1188 2445 1245 2519 τῆς

95 2545 312 2610 ῦεοπνεύςτου
334 2550 471 2626 γραφῆς,
492 2546 572 2608 ποτὲ
591 2546 649 2624 μέν
664 2564 739 2622 φηςι
763 2541 818 2628 (so.
838 2542 857 2607 δ
875 2542 1061 2628 Ἰουλιανὸς)
1084 2545 1142 2609 τὸν
1160 2544 1244 2624 tepo-

95 2651 225 2733 φάντην
244 2652 382 2716 Μωῦςέα
401 2656 656 2731 δημαγωγοῦντα
679 2654 801 2730 μᾶλλον
820 2653 839 2731 ἢ
859 2650 1060 2731 ἀληθεύοντα
1078 2653 1154 2715 τοὺς
1172 2652 1245 2731 περὶ

95 2763 173 2824 θεοῦ
192 2761 378 2838 ποιήςαςῦαι
397 2757 523 2838 λόγους,
547 2757 621 2822 οὔτε
641 2757 776 2837 ἔχοντας
800 2757 905 2837 ὀρθῶς
919 2755 993 2821 οὔτε
1013 2760 1075 2836 μὴν
1093 2757 1244 2825 ἐοικότως
1347 2840 1349 2842 ,

95 2863 184 2948 αὐτῷ
207 2861 262 2951 (se.
282 2863 393 2950 θεῷγ)
415 2865 602 2944 γεγονότας,
625 2867 705 2930 ποτὲ
729 2866 764 2928 δὲ
788 2865 846 2929 τὸν
868 2863 1003 2943 Ἐςδραν
1027 2862 1092 2928 ἀπὸ
1115 2866 1244 2946 γνώμης

95 2970 178 3036 ἰδίας
192 2976 459 3050 προςεπενεγκεῑν
473 2992 544 3037 τινα
559 2971 755 3036 διατείνεται.
783 2975 824 3034 hc
839 2973 929 3034 Mosis
943 2973 1064 3052 quidem
1079 2978 1243 3037 sententiae

93 3081 191 3160 primo
205 3079 282 3141 libro
291 3080 557 3142 innumerabilibus
571 3082 634 3142 iere
645 3080 719 3142 loeis
729 3089 800 3142 sunt
814 3082 1009 3161 vituperatae3
1024 3080 1141 3142 aliunde
1152 3084 1244 3162 igitur

94 3186 138 3247 nil
156 3187 264 3249 adiecit
277 3187 404 3268 Cyriilus
422 3189 479 3248 nisi
498 3189 578 3267 qnod
597 3188 633 3249 de
651 3186 745 3249 Esdra
762 3187 895 3268 protulit.
933 3184 992 3246 Sed
1010 3204 1068 3265 qua
1087 3190 1242 3251 occasione

95 3296 128 3353 in
141 3292 266 3354 Esdram
283 3296 418 3355 invectus
438 3293 621 3356 sitlniianns
640 3296 781 3355 continuo
800 3292 1006 3372 intellegemus
1025 3294 1130 3355 collato
1149 3295 1242 3374 philo·

95 3400 182 3480 sophi
211 3400 370 3462 Macariani
400 3401 465 3462 ioco
493 3397 577 3461 1113
605 3419 634 3480 p.
649 3397 701 3462 54.
751 3399 808 3461 Ubi
840 3399 1101 3480 reprehenduntur
1132 3400 1243 3465 Christi

94 3505 184 3567 rerba
206 3506 247 3568 lo.
270 3503 301 3590 b,
322 3504 365 3569 46
390 3503 419 3570 εἰ
440 3503 502 3583 γὰρ
526 3504 705 3569 ἐπιςτεύετε
729 3506 872 3584 Μωυςεῑ,
900 3503 1079 3569 ἐπιςτεύετε
1103 3503 1144 3569 ἂν
1163 3505 1243 3585 ἐμοί.

94 3610 168 3689 περὶ
190 3609 251 3689 γὰρ
274 3611 354 3689 ἐμοῦ
377 3611 500 3676 ἐκεῖνος
528 3609 680 3690 ἔγραψεν.
722 3614 825 3693 Neque
849 3614 928 3675 enim
957 3613 993 3673 de
1018 3612 1136 3700 Christo
1159 3618 1240 3696 quic·

94 3738 184 3799 quam
206 3738 223 3780 a
241 3719 321 3781 Mose
346 3738 412 3781 esse
435 3720 557 3802 dietum,
580 3739 683 3782 omnes
707 3722 787 3782 enim
809 3720 911 3801 libros,
934 3722 986 3800 qui
1008 3719 1099 3783 liosis
1122 3725 1264 3784 nomine⁴

94 3828 238 3908 serantur,
260 3825 296 3887 ab
315 3825 410 3887 Esdra
431 3845 497 3888 esse
517 3830 710 3908 conscriptos.
744 3827 839 3888 Simili
856 3829 949 3908 igitur
967 3828 1054 3888 modo
1074 3829 1241 3890 censendus

93 3945 142 3994 est
170 3932 301 3996 lulianus
324 3932 476 3995 Christum
503 3937 696 4015 vituperasse.
742 3934 987 3996 Ratiocinandnm
1015 3938 1094 3997 enim
1121 3937 1149 3996 ei
1176 3944 1241 3996 erat

93 4041 175 4102 hunc
206 4041 269 4102 iere
297 4043 328 4101 in
356 4040 489 4103 modum:
530 4041 639 4102 Iniuria
668 4042 777 4102 dixisse
806 4041 906 4102 lesum
934 4043 969 4103 de
998 4061 1030 4103 se
1058 4044 1122 4122 ipso
1149 4042 1240 4103 verba

94 4148 200 4208 iecisse
223 4145 349 4229 Mosem3
377 4148 462 4208 cuius
486 4151 595 4228 scripta
619 4166 687 4210 eum
714 4150 830 4227 integra
852 4166 911 4209 non
936 4156 1099 4232 exstarent,
1126 4148 1179 4210 sed
1202 4148 1239 4209 ab

166 4357 192 4426 1)
215 4354 331 4410 Prorsus
354 4353 501 4417 abicienda
523 4359 566 4412 est
587 4354 706 4412 huberti
727 4355 934 4424 interpretatio:
961 4355 1069 4415 Morem
1091 4355 1132 4414 ait
1150 4356 1221 4417 -d

92 4443 154 4499 Deo
172 4443 259 4498 rerba
276 4442 375 4500 iecisse
393 4461 445 4501 nec
462 4447 540 4501 reeta
558 4461 610 4501 nee
628 4443 697 4500 sibi
715 4442 926 4502 consentientia
