2926 5040
479 310 521 364 De
539 308 640 363 Iuliani
657 308 792 362 librorum
812 308 887 363 fatis.
1211 310 1263 385 3l¹

105 496 161 537 nos
184 477 276 537 libris.
313 475 374 536 lam
404 495 473 537 vero
502 494 570 536 cum
601 475 630 535 id
654 474 776 535 dubium
806 493 871 535 esse
901 492 959 534 non
988 476 1095 555 possit,
1126 476 1197 554 quin
1225 477 1256 534 iu

103 583 182 644 libro
197 584 317 644 Diodori
339 587 432 664 gratia
453 592 556 644 contra
575 582 720 642 lulianum
740 584 851 661 scripto
869 584 957 641 etiarn
975 580 1134 641 Photinum
1153 582 1255 642 haere-

110 691 255 751 siarcham
280 711 437 770 aggressus
461 694 500 751 sit
523 691 586 771 ille,
609 692 695 750 cuius
719 691 900 749 mentionem
929 689 1048 748 fecisset
1071 688 1201 749 lulianus
1224 691 1255 748 in

104 796 192 856 libris
216 799 278 857 suis
300 790 403 857 contba
429 797 613 858 Christianos
637 789 797 878 scriptis,¹)
826 797 890 856 fieri
914 814 973 855 non
995 804 1107 875 potest,
1129 804 1164 857 ut
1187 803 1254 856 ante

104 923 216 964 annum
235 901 385 985 378s37u
409 908 460 984 qui
484 906 602 964 initium
621 907 700 983 cepit
723 923 738 963 a
758 903 819 964 lfal.
839 903 903 963 Oct.
928 906 997 964 anni
1016 900 1090 983 378,
1114 905 1254 981 scriptam

104 1030 171 1071 esse
194 1010 343 1071 Theodori
367 1030 541 1071 censeamus
565 1012 787 1091 refutationem,
812 1029 901 1090 quem
925 1011 1137 1088 quinquaginta
1160 1028 1254 1089 paene

104 1121 191 1178 annis
224 1119 341 1179 fortiter
374 1136 555 1196 repugnasse
586 1120 702 1178 cunctis
734 1116 908 1178 haeresibus
942 1119 1100 1178 memoriae
1135 1114 1256 1177 tradidit

102 1225 229 1285 loannes
262 1227 419 1304 episcopus
459 1243 474 1284 a
507 1224 646 1284 Facundo
683 1217 861 1305 laudatus.²)
911 1225 976 1295 Qua
1007 1231 1106 1284 autem
1137 1224 1255 1302 potissi-

103 1351 186 1392 mum
223 1334 252 1391 in
292 1331 366 1391 urbe
398 1331 548 1411 putandus
585 1341 631 1390 est
667 1330 843 1391 Theodorus
879 1332 1055 1391 refutavisse
1087 1326 1255 1391 lulianum?

104 1439 325 1499 commoratum
358 1457 426 1499 eum
451 1457 516 1498 essa
546 1456 605 1497 non
634 1439 804 1516 ignoramus
832 1437 1043 1518 llopsuestiae,
1071 1437 1170 1519 Tarsi,
1198 1438 1254 1498 bn·

103 1546 239 1606 tiochiae.
276 1545 448 1605 Antiochiae
477 1555 575 1606 autem
605 1546 743 1622 quioniam
770 1547 834 1623 ipse
858 1544 988 1605 lulianus
1011 1547 1172 1625 imperator
1200 1565 1255 1625 per

103 1652 230 1714 hiemem
256 1648 491 1733 ann1362s363
521 1661 655 1712 versatus
686 1650 910 1711 familiarissime
939 1670 1012 1712 usus
1036 1661 1100 1714 erat
1123 1651 1255 1733 Libauio,

102 1762 197 1821 iratus
226 1763 277 1839 qui
306 1762 402 1839 ipsum
433 1760 557 1819 oderant
580 1757 787 1839 Antiochenis,
815 1777 875 1818 non
905 1761 969 1819 sine
998 1759 1095 1838 aliqua
1124 1762 1255 1821 veritatis

103 1869 204 1946 specie
228 1876 393 1928 statuemus
412 1865 601 1926 Theodorum
625 1868 655 1925 in
679 1865 733 1925 hac
757 1868 820 1945 ipsa
845 1865 919 1926 urbe
939 1868 1147 1928 refutationem
1171 1885 1254 1926 suam

104 1975 270 2053 scripsisse,
289 1973 482 2033 Antiochenis
497 1975 560 2033 sinc
576 1972 666 2032 dubio
682 1991 719 2032 ne
739 1981 889 2033 mortuum
906 1974 1025 2052 quidem
1043 1976 1254 2052 imperatorem

104 2087 187 2157 grata
217 2082 357 2140 memoria
385 2083 566 2159 prosecutis,
594 2081 659 2139 viro
688 2082 841 2140 etiamtum
865 2079 1001 2160 Libauio,
1029 2098 1045 2139 a
1073 2099 1132 2159 quo
1160 2081 1254 2141 desci-

102 2192 184 2244 verat
203 2183 387 2266 Theodorus
408 2205 474 2246 cum
495 2187 580 2245 initio
600 2188 663 2245 eius
683 2185 836 2265 disciplina
856 2205 929 2246 usus
948 2180 1066 2268 essetf)
1104 2186 1163 2247 lam
1183 2205 1254 2247 vero

103 2309 183 2351 nunc
206 2290 331 2352 alterum
356 2294 516 2352 termidum
539 2293 678 2371 indagare
702 2311 870 2374 possumus,
894 2302 962 2354 ante
986 2312 1074 2372 quem
1097 2293 1253 2372 ponendus

102 2400 141 2457 sit
165 2397 313 2458 Theodori
336 2398 419 2458 liber.
457 2399 500 2459 lix
525 2399 704 2460 Theodoreti
728 2402 808 2460 enim
831 2399 930 2460 verbis
953 2401 981 2460 h.
1000 2419 1025 2460 e.
1050 2397 1134 2460 v39
1159 2399 1192 2462 ἓξ
1216 2398 1251 2461 δὲ

101 2502 153 2564 καὶ
166 2500 336 2579 τριάκοντα
350 2503 387 2566 ἐν
400 2509 438 2586 τῇ
453 2503 608 2586 προεδρίᾳ
622 2505 799 2568 διετέλεεεν
813 2502 868 2583 ἔτη
884 2507 1013 2567 efficitur
1022 2525 1100 2567 anno
1111 2502 1251 2587 392s393

102 2613 305 2690 episcopatum
320 2611 563 2691 Mopsuestennm
579 2632 645 2673 eum
666 2622 836 2674 assecutum
856 2631 931 2694 esse,
950 2632 1047 2692 neque
1062 2633 1133 2674 vero
1152 2616 1251 2675 statim

100 2838 273 2893 διδαεκαλία(
297 2840 461 2906 ἀπήλαυεεν,
495 2840 623 2892 Ἰωάννου
647 2840 678 2892 δὲ
700 2844 752 2893 τοῦ
776 2840 923 2892 θειοτάτου
947 2840 1093 2906 γεγένηται
1118 2840 1251 2892 κοινωνός

98 2945 131 2981 τε
146 2930 191 2981 καὶ
202 2929 338 2995 ευνεργόε.
358 2934 436 2996 κοινῇ
452 2930 505 2995 γὰρ
519 2932 578 2981 τῶν
587 2933 782 2993 πνευματικῶν
792 2929 941 2995 Διοδώρου
951 2930 1084 2994 ναμάτων
1099 2929 1251 2995 ἀπήλαυον.

178 3017 204 3083 1)
223 3016 321 3086 cyrilli
336 3016 414 3070 Alex.
429 3033 452 3069 c.
468 3016 517 3070 Iul
534 3016 599 3070 VllI
618 3034 682 3085 pag.
698 3022 758 3070 262.
792 3017 852 3082 Quo
871 3017 933 3070 loco
948 3033 1115 3085 quamquam
1130 3016 1252 3070 lulianus

101 3123 136 3160 ne
156 3105 307 3159 Photinum
325 3105 439 3173 quidem
462 3104 592 3159 laudibus
612 3105 704 3175 effert,
730 3107 818 3161 alluta
835 3108 931 3160 tamen
950 3106 1009 3159 eius
1029 3107 1168 3160 sententia.
1187 3105 1251 3160 Dio-

101 3194 169 3247 doro
188 3193 303 3248 minime
326 3193 446 3263 probata
469 3193 577 3248 occasio
602 3194 669 3248 daia
692 3197 755 3249 crat
772 3195 921 3250 Theodoro
945 3195 975 3248 in
997 3195 1187 3249 adversarium
1209 3194 1251 3248 in-

100 3282 230 3337 vehendi.
500 3283 505 3301 ⁸

173 3373 201 3440 2)
219 3373 331 3428 loannis
350 3372 475 3442 episcopi
493 3373 579 3427 verba
593 3390 637 3441 ap.
652 3372 773 3426 Facund.
789 3390 839 3441 pro
859 3372 1020 3427 defensione
1038 3372 1124 3426 trium
1143 3372 1219 3441 capit
1241 3403 1250 3412 ·

99 3463 192 3516 lorum
216 3462 264 3517 lib.
283 3461 317 3515 Il.
341 3461 494 3529 (Gallandii
517 3461 586 3516 bibl.
613 3462 686 3530 pair.
705 3460 744 3513 XI
768 3480 792 3529 p.
813 3461 931 3530 680an
962 3461 1027 3515 ‘sed
1052 3464 1081 3516 ei
1108 3461 1157 3530 qui
1180 3462 1251 3515 bene

101 3550 136 3603 de
169 3550 229 3604 vila
254 3550 396 3619 profectus
429 3550 472 3603 est
498 3549 660 3604 Theodorus
689 3552 718 3603 et
750 3551 873 3619 quinque
901 3553 930 3604 eb
956 3551 1144 3620 quadraginta
1170 3550 1250 3604 annis

101 3639 177 3693 clare
209 3637 238 3691 in
270 3638 399 3692 doctrina
434 3638 613 3708 praefulsit’3
642 3657 668 3708 p.
689 3637 795 3693 680bC:
837 3639 1015 3695 ‘Theodorus
1047 3641 1135 3708 enim,
1168 3656 1250 3709 quem

100 3727 214 3796 qnando
232 3727 364 3795 dicimus,
382 3728 474 3782 virum
492 3727 611 3782 dicimus
634 3728 663 3780 in
686 3729 851 3798 episcopatu
870 3731 975 3784 clarum
997 3730 1080 3783 finem
1099 3730 1248 3783 habentem

99 3820 130 3872 et
158 3816 363 3886 quinquaginta.
393 3834 482 3887 paene
513 3817 592 3871 aunis
623 3816 735 3872 fortiter
761 3822 964 3888 repugnantem
992 3819 1098 3874 cunctis
1130 3819 1250 3872 haeresi-

100 3906 167 3960 bns'
188 3923 247 3974 sqq.

174 3999 201 4062 3)
222 3994 344 4048 Socratis
362 3995 389 4050 h.
410 4014 433 4050 e.
454 3996 492 4049 VI
512 4003 536 4049 3.
573 3996 668 4050 Πείθει
692 3999 722 4050 δὲ
741 3998 788 4064 (sc.
810 3999 946 4066 Ἰωάννηε)
971 4001 1015 4052 καὶ
1034 3999 1182 4064 Θεόδωρον
1206 4000 1251 4051 καὶ

99 4085 237 4151 Μάξιμον,
256 4086 446 4151 ευμφοιτητὰ(
464 4087 542 4154 αὐτῷ
561 4087 645 4138 ὄντα(
662 4088 737 4152 παρὰ
755 4093 797 4155 τῷ
816 4093 930 4156 εοφιετῇ
945 4088 1071 4156 Λιβανίω,
1091 4090 1250 4141 καταλιπεῖν

99 4175 152 4239 μὲν
169 4175 221 4227 τὸν
244 4175 454 4241 χρηματιετικὸν
478 4174 550 4242 βίον,
576 4176 697 4240 μετιέναι
721 4178 750 4228 δὲ
773 4178 824 4229 τὸν
847 4179 931 4230 λιτόν.
964 4178 1017 4229 Ὧν
1036 4178 1181 4243 Θεόδωροι
1201 4179 1249 4242 μὲν

97 4265 215 4329 ὕετερον
235 4263 428 4329 Μοψουειτίαε
450 4269 501 4331 τῆ(
526 4266 555 4318 ἐν
575 4263 677 4334 Κιλικίᾳ
700 4266 808 4318 πόλεως
830 4265 975 4319 ἐπίεκοποε
992 4267 1103 4334 γέγονε,
1127 4267 1251 4332 Μάξιμοι

99 4354 129 4406 δὲ
151 4351 310 4406 (ελευκείαε
327 4357 378 4419 τήε
403 4355 433 4406 ἐν
453 4353 574 4423 Ἰταυρίᾳ.
610 4356 768 4433 Τηνικαῡτα
786 4355 837 4407 οὖν
856 4355 934 4408 οὗτοι
952 4357 1094 4407 (πουδαῑοι
1117 4356 1179 4421 περὶ
1196 4358 1250 4422 τὴν

97 4442 204 4508 ἀρετὴν
213 4443 365 4511 γενόμενοι,
381 4445 581 4510 μαθητεύουειν
596 4443 634 4496 εἰ(
647 4445 682 4497 τὰ
697 4445 828 4511 ἀτκητικὰ
838 4446 976 4513 Διοδώρῳ
987 4447 1031 4498 καὶ
1042 4445 1181 4514 Καρτερίιρ
1192 4447 1247 4498 κτὲ.
