2926 5040
422 303 464 359 De
482 302 584 358 Iuliani
600 301 680 358 libris
698 301 884 358 restituendis.
1164 297 1226 363 127

79 489 171 553 supra
184 492 212 552 p.
223 467 266 534 99
277 489 321 552 sq.
336 473 467 552 exposui.
495 470 574 552 Ergo
589 471 681 532 altero
696 469 772 532 libro
786 469 917 530 lulianus
931 470 962 529 iu
977 486 1100 529 examen
1115 473 1228 532 vocavit

79 580 238 660 evangelia.
275 580 379 659 Neque
403 597 505 640 carere
534 578 701 640 videbimur
725 580 787 638 veri
812 577 925 656 specie,
953 577 979 635 si
1002 577 1227 659 coniecerimus‚

80 688 204 749 alterius
230 686 299 747 libri
330 688 448 748 initium
478 687 646 765 proiectum
675 703 741 745 esse
769 703 786 744 a
814 683 960 745 Matthaeo
988 690 1020 743 et
1046 682 1126 744 Luca
1154 686 1228 745 vitu·

79 796 205 876 peratis,
227 794 307 874 quod
325 793 481 873 differrent
503 795 534 854 iu
553 791 664 853 Christi
681 810 791 871 genere
811 789 978 851 relereudo.
1014 788 1057 850 Cl.
1078 790 1179 851 Matth.
1202 789 1229 872 1,

84 898 199 962 1-1t.
233 899 303 961 Luc.
323 897 354 982 3,
372 896 513 961 23-38.
555 898 718 960 Consilium
741 900 820 959 enim
844 896 924 977 quod
948 905 1067 977 ceperat
1089 916 1229 977 persecu·

81 1016 145 1069 tum
169 1025 235 1068 esse
258 1006 417 1088 lulianum,
440 1008 526 1067 testis
550 1014 596 1067 est
618 1005 817 1086 Hieronymus
840 1023 945 1065 comm.
969 1006 1000 1064 iu
1019 1003 1120 1065 Matth.
1139 1003 1188 1065 lih.
1207 1003 1228 1065 l.

81 1133 144 1194 cap.
159 1113 208 1175 lll.
227 1107 297 1197 (vol.
312 1112 371 1174 Vll.
390 1133 418 1194 p.
436 1110 474 1174 11
491 1106 605 1195 Vall.²):
629 1107 728 1173 ‘laooh
747 1119 846 1174 autem
866 1113 968 1191 genuit
987 1110 1094 1191 loseph
1113 1105 1229 1194 (Matth.

83 1215 198 1303 1,1e).
244 1219 307 1280 llos
335 1219 400 1280 loco
428 1218 539 1280 ohieeit
566 1217 652 1279 nohis
679 1217 811 1280 lulianus
839 1218 991 1298 Augustus
1019 1217 1230 1278 dissonantiam

81 1327 337 1408 evangelistarum,
351 1344 406 1387 eur
420 1326 599 1406 evangehsta
613 1324 780 1387 Matthaeus
794 1324 901 1405 loseph
916 1323 1024 1385 dixerit
1037 1324 1129 1386 filium
1144 1323 1230 1385 laooh

80 1443 112 1496 et
125 1433 221 1495 Luoas
240 1451 308 1494 eum
323 1432 417 1494 lilium
436 1433 591 1514 appellarit
604 1427 694 1494 lleli’.
727 1432 784 1504 Qui
804 1432 958 1493 dissensus
977 1433 1097 1492 minime
1117 1430 1153 1492 ah
1167 1433 1232 1511 ipso

80 1540 195 1602 Iuliano
210 1549 256 1602 est
270 1540 420 1621 detectus3
433 1539 577 1601 hahemus
592 1540 672 1600 enim
687 1548 872 1619 compertum
888 1557 924 1599 er
938 1537 1060 1599 Eusehii
1075 1557 1144 1600 eum
1159 1538 1231 1599 alios

80 1647 150 1709 hist
170 1647 241 1708 ecel.
260 1644 315 1729 l‚'l
336 1643 482 1709 etv131
508 1665 576 1706 oum
596 1645 669 1706 alios
692 1653 756 1707 tum
780 1644 886 1706 lulium
911 1643 1082 1705 hirieanum
1106 1644 1232 1724 epistula

82 1752 120 1813 ad
142 1753 301 1815 Aristidem
326 1753 392 1815 data
416 1743 537 1833 operam
561 1753 693 1834 dedisse,
722 1760 754 1812 ut
777 1760 918 1813 neutrum
942 1753 1042 1812 neutri
1065 1769 1232 1831 repugnare

81 1861 262 1922 ostenderet.
643 1946 663 2009 2

173 2055 216 2116 Ex
240 2053 269 2117 3.
293 2057 458 2136 fragmento
481 2056 664 2135 intellegitur
687 2056 826 2116 miratum
849 2073 915 2115 esse
939 2053 1086 2117 lulianum
1109 2057 1233 2140 stellam,

82 2180 143 2242 qua
174 2161 354 2240 patefactum
381 2170 427 2223 est
458 2162 642 2242 sapientibus
674 2163 705 2222 iu
737 2163 867 2241 oriente,
900 2170 1000 2223 uatum
1029 2181 1095 2224 esse
1123 2182 1233 2224 nouam

82 2268 260 2329 ludaeorum
279 2286 390 2348 regem.
421 2265 607 2345 Ἑωεφόρον
626 2275 724 2330 autem
744 2268 858 2330 stellam
877 2268 1008 2330 lulianus
1028 2270 1232 2349 appellaverat.

83 2373 211 2453 Cyrillus
239 2375 319 2435 euim
342 2368 442 2435 ‘stella
466 2369 580 2436 autem’
608 2376 707 2454 inquit
730 2368 795 2435 ‘illa
822 2393 881 2436 nou
910 2395 945 2436 ex
976 2394 1101 2436 numero
1128 2376 1232 2437 harum

81 2481 300 2543 ordinariorum
324 2490 400 2562 erat,
422 2490 457 2543 ut
474 2484 535 2574 'iste
559 2477 729 2558 ἑωεφόρον
752 2501 855 2544 earum
878 2478 970 2544 dieit'.

645 2640 674 2704 3.

174 2748 225 2830 rg.
245 2747 275 2810 4.
304 2749 430 2831 Cyrillus
448 2748 520 2810 dicit
538 2747 659 2810 Mariam
678 2769 737 2810 uon
754 2751 839 2831 plane
858 2751 1040 2812 intellexisse
1060 2754 1234 2831 mysterium

85 2877 231 2938 personae
246 2857 365 2920 Christi.
403 2857 436 2918 ld
455 2857 534 2936 quod
553 2856 599 2918 his
618 2858 797 2920 factumest.
834 2858 967 2919 Primum
984 2868 1053 2939 post
1071 2862 1235 2921 orationem

87 2966 242 3047 symeonis
265 2960 350 3047 (Luc.
374 2963 405 3046 2,
423 2959 584 3048 29-32);
607 2974 678 3027 sunt
700 2967 780 3026 enim
803 2965 875 3026 haec
899 2965 996 3027 Lucae
1020 2966 1110 3027 verha
1130 2965 1160 3046 2,
1179 2964 1236 3028 33:

86 3070 139 3134 καὶ
160 3069 201 3149 ἦν
224 3067 243 3133 ὁ
262 3071 366 3149 πατὴρ
385 3068 485 3132 αὐτοῦ
508 3068 559 3131 καὶ
580 3069 600 3148 ἡ
620 3071 720 3149 μήτηρ
739 3070 839 3133 αὐτοῦ
858 3069 1073 3148 θαυμάζοντεε
1092 3070 1145 3134 ἐπὶ
1166 3075 1236 3134 τοῑε

87 3177 298 3255 λαλουμένοις
321 3177 395 3254 περὶ
417 3175 525 3240 αὐτοῦ.
567 3178 714 3261 Alterum,
742 3198 811 3240 eum
837 3180 929 3242 lilium
958 3179 1113 3241 duodecim
1142 3197 1236 3240 annos

89 3296 192 3349 natum
213 3289 245 3348 in
269 3286 380 3367 templo
403 3288 567 3347 invenisset
586 3286 750 3349 docentem.
787 3287 891 3367 Neque
910 3291 989 3348 enim
1007 3289 1073 3348 eius
1096 3286 1184 3347 verha
1207 3282 1237 3345 τί

87 3391 139 3456 ὅτι
166 3392 305 3470 ἐζητεῖτέ
334 3411 388 3469 με;
416 3391 474 3455 οὐκ
501 3392 605 3475 ᾔδειτε
633 3389 683 3454 ὅτι
710 3391 747 3455 ἐν
774 3395 843 3455 roi(
870 3395 928 3455 τοῦ
956 3390 1078 3470 πατρός
1101 3410 1162 3469 μου
1188 3393 1238 3454 δεῖ

88 3497 171 3565 εἷναί
190 3518 241 3577 με;
266 3500 504 3581 comprehendit5
528 3502 564 3561 sl.
583 3500 654 3561 Luc.
673 3499 704 3583 2,
723 3495 767 3562 50
789 3499 841 3562 καὶ
865 3498 957 3563 αὐτοὶ
980 3497 1019 3562 οὐ
1039 3501 1176 3576 ευνῆκαν
1198 3497 1236 3560 τὸ

88 3605 173 3685 ῥῆμα
195 3605 214 3669 ὃ
233 3604 388 3683 ἐλάληεεν
407 3604 525 3669 adroic.
566 3606 627 3668 lam
650 3626 721 3669 vero
740 3608 857 3670 videtur
876 3607 1007 3669 lulianus
1029 3607 1096 3674 ideo
1115 3606 1237 3667 Mariam

88 3717 214 3777 miratus
241 3733 321 3796 esse,
356 3714 435 3794 quod
463 3713 607 3776 Cahrielis
634 3716 773 3777 nuntium
805 3717 954 3796 accepisse
983 3713 1159 3776 traderetur.
1196 3714 1237 3774 ho

88 3825 217 3886 fortasse
240 3841 276 3883 er
299 3819 408 3882 Mariae
431 3821 531 3883 verhis
554 3823 682 3883 coniecit
704 3823 807 3883 lictum
830 3840 896 3883 esse
920 3821 1002 3884 illum
1026 3823 1172 3883 nuntium.

539 4090 590 4150 Ex
611 4091 689 4151 libro
712 4090 789 4150 XII.

649 4212 679 4275 4.

180 4321 224 4383 Er
242 4322 407 4401 fragmento
422 4318 455 4382 ’1.
479 4320 668 4381 efficiendum
688 4339 753 4381 esse
775 4320 846 4381 mihi
866 4321 983 4382 videtur
1004 4322 1154 4381 inventum
1173 4340 1238 4382 esse

88 4429 237 4492 lollianum
260 4431 290 4489 in
310 4426 421 4489 Christi
444 4427 533 4489 verba
557 4427 691 4488 aMarco
713 4427 740 4510 1,
762 4425 802 4488 14
817 4447 879 4508 sqq.
904 4428 1002 4489 relata.
1041 4427 1117 4489 Sunt
1140 4436 1240 4489 autem
