<?xml version="1.0" encoding="UTF-8"?>
<!DOCTYPE html PUBLIC "-//W3C//DTD XHTML 1.0 Transitional//EN"
    "http://www.w3.org/TR/xhtml1/DTD/xhtml1-transitional.dtd">
<html xmlns="http://www.w3.org/1999/xhtml" xml:lang="en" lang="en">
 <head>
  <title>
</title>
<meta http-equiv="Content-Type" content="text/html;charset=utf-8" />
  <meta name='ocr-system' content='tesseract 3.04.00' />
  <meta name='ocr-capabilities' content='ocr_page ocr_carea ocr_par ocr_line ocrx_word'/>
</head>
<body>
  <div class='ocr_page' id='page_1' title='image "./iulianiimperato00neumgoog_0112.png"; bbox 0 0 2926 5040; ppageno 0'>
   <div class='ocr_carea' id='block_1_1' title="bbox 467 339 1277 409">
    <p class='ocr_par' dir='ltr' id='par_1_1' title="bbox 467 339 1277 409">
     <span class='ocr_line' id='line_1_1' title="bbox 467 339 1277 409; baseline 0.016 -14"><span class='ocrx_word' id='word_1_1' title='bbox 467 339 512 400; x_wconf 83' lang='lat' dir='ltr'>De</span> <span class='ocrx_word' id='word_1_2' title='bbox 530 341 632 400; x_wconf 85' lang='lat' dir='ltr'>Iuliani</span> <span class='ocrx_word' id='word_1_3' title='bbox 651 343 730 399; x_wconf 88' lang='lat' dir='ltr'>libris</span> <span class='ocrx_word' id='word_1_4' title='bbox 749 342 937 400; x_wconf 75' lang='lat' dir='ltr'><strong>restituendis.</strong></span> <span class='ocrx_word' id='word_1_5' title='bbox 1234 342 1277 409; x_wconf 83' lang='lat'>99</span> 
     </span>
    </p>
   </div>
   <div class='ocr_carea' id='block_1_2' title="bbox 126 509 1281 4091">
    <p class='ocr_par' dir='ltr' id='par_1_2' title="bbox 126 509 1281 4091">
     <span class='ocr_line' id='line_1_2' title="bbox 127 509 1276 596; baseline 0.002 -24"><span class='ocrx_word' id='word_1_6' title='bbox 127 509 289 572; x_wconf 82' lang='lat' dir='ltr'>divisiones</span> <span class='ocrx_word' id='word_1_7' title='bbox 313 511 349 572; x_wconf 91' lang='lat' dir='ltr'>ab</span> <span class='ocrx_word' id='word_1_8' title='bbox 372 514 409 571; x_wconf 89' lang='lat' dir='ltr'>iis</span> <span class='ocrx_word' id='word_1_9' title='bbox 432 514 504 591; x_wconf 88' lang='lat' dir='ltr'>ipsis</span> <span class='ocrx_word' id='word_1_10' title='bbox 528 512 653 591; x_wconf 84' lang='lat' dir='ltr'>profecti</span> <span class='ocrx_word' id='word_1_11' title='bbox 679 520 779 572; x_wconf 88' lang='lat' dir='ltr'>essent</span> <span class='ocrx_word' id='word_1_12' title='bbox 803 515 854 591; x_wconf 92' lang='lat' dir='ltr'>qui</span> <span class='ocrx_word' id='word_1_13' title='bbox 877 521 1184 591; x_wconf 79' lang='lat' dir='ltr'>eoscomposuerant,</span> <span class='ocrx_word' id='word_1_14' title='bbox 1200 532 1276 596; x_wconf 71' lang='lat' dir='ltr'>⁴cen-</span> 
     </span>
     <span class='ocr_line' id='line_1_3' title="bbox 127 617 1277 700; baseline 0.001 -22"><span class='ocrx_word' id='word_1_15' title='bbox 127 621 190 679; x_wconf 90' lang='lat' dir='ltr'>suit</span> <span class='ocrx_word' id='word_1_16' title='bbox 217 621 282 679; x_wconf 91' lang='lat' dir='ltr'>sine</span> <span class='ocrx_word' id='word_1_17' title='bbox 310 618 401 679; x_wconf 87' lang='lat' dir='ltr'>dnbio</span> <span class='ocrx_word' id='word_1_18' title='bbox 430 618 592 679; x_wconf 81' lang='lat' dir='ltr'>Teuffelius</span> <span class='ocrx_word' id='word_1_19' title='bbox 625 621 723 698; x_wconf 91' lang='lat' dir='ltr'>ipsum</span> <span class='ocrx_word' id='word_1_20' title='bbox 751 617 896 679; x_wconf 90' lang='lat' dir='ltr'>lulianum</span> <span class='ocrx_word' id='word_1_21' title='bbox 930 617 1046 678; x_wconf 89' lang='lat' dir='ltr'>duobus</span> <span class='ocrx_word' id='word_1_22' title='bbox 1081 619 1175 678; x_wconf 89' lang='lat' dir='ltr'>modis</span> <span class='ocrx_word' id='word_1_23' title='bbox 1203 638 1277 700; x_wconf 93' lang='lat' dir='ltr'>opus</span> 
     </span>
     <span class='ocr_line' id='line_1_4' title="bbox 128 724 1277 805; baseline 0 -20"><span class='ocrx_word' id='word_1_24' title='bbox 128 742 216 785; x_wconf 90' lang='lat' dir='ltr'>suum</span> <span class='ocrx_word' id='word_1_25' title='bbox 235 724 431 804; x_wconf 88' lang='lat' dir='ltr'>discripsisse.</span> <span class='ocrx_word' id='word_1_26' title='bbox 469 725 587 785; x_wconf 85' lang='lat' dir='ltr'>Putavit</span> <span class='ocrx_word' id='word_1_27' title='bbox 606 725 731 785; x_wconf 78' lang='lat' dir='ltr'>fortasse</span> <span class='ocrx_word' id='word_1_28' title='bbox 755 728 794 784; x_wconf 90' lang='lat' dir='ltr'>ita</span> <span class='ocrx_word' id='word_1_29' title='bbox 813 724 988 786; x_wconf 89' lang='lat' dir='ltr'>distributos</span> <span class='ocrx_word' id='word_1_30' title='bbox 1006 744 1072 785; x_wconf 91' lang='lat' dir='ltr'>esse</span> <span class='ocrx_word' id='word_1_31' title='bbox 1092 728 1157 785; x_wconf 87' lang='lat' dir='ltr'>eius</span> <span class='ocrx_word' id='word_1_32' title='bbox 1176 725 1277 805; x_wconf 81' lang='lat' dir='ltr'>libros,</span> 
     </span>
     <span class='ocr_line' id='line_1_5' title="bbox 129 830 1276 921; baseline 0 -31"><span class='ocrx_word' id='word_1_33' title='bbox 129 840 252 921; x_wconf 34' lang='lat' dir='ltr'>rit-cum</span> <span class='ocrx_word' id='word_1_34' title='bbox 276 832 443 909; x_wconf 90' lang='lat' dir='ltr'>argumenti</span> <span class='ocrx_word' id='word_1_35' title='bbox 466 830 584 891; x_wconf 88' lang='lat' dir='ltr'>vinculo</span> <span class='ocrx_word' id='word_1_36' title='bbox 608 841 638 891; x_wconf 85' lang='lat' dir='ltr'>et</span> <span class='ocrx_word' id='word_1_37' title='bbox 659 833 810 891; x_wconf 88' lang='lat' dir='ltr'>communi</span> <span class='ocrx_word' id='word_1_38' title='bbox 833 834 1027 911; x_wconf 79' lang='lat' dir='ltr'>inscriptione</span> <span class='ocrx_word' id='word_1_39' title='bbox 1051 836 1129 892; x_wconf 89' lang='lat' dir='ltr'>inter</span> <span class='ocrx_word' id='word_1_40' title='bbox 1152 851 1184 892; x_wconf 88' lang='lat' dir='ltr'>se</span> <span class='ocrx_word' id='word_1_41' title='bbox 1208 851 1276 892; x_wconf 86' lang='lat' dir='ltr'>con-</span> 
     </span>
     <span class='ocr_line' id='line_1_6' title="bbox 130 935 1278 998; baseline 0.001 -1"><span class='ocrx_word' id='word_1_42' title='bbox 130 939 224 997; x_wconf 90' lang='lat' dir='ltr'>iuncti</span> <span class='ocrx_word' id='word_1_43' title='bbox 243 945 343 997; x_wconf 81' lang='lat' dir='ltr'>essent</span> <span class='ocrx_word' id='word_1_44' title='bbox 363 935 431 997; x_wconf 84' lang='lat' dir='ltr'>libri</span> <span class='ocrx_word' id='word_1_45' title='bbox 450 946 513 997; x_wconf 90' lang='lat' dir='ltr'>tres</span> <span class='ocrx_word' id='word_1_46' title='bbox 528 945 557 996; x_wconf 91' lang='lat' dir='ltr'>et</span> <span class='ocrx_word' id='word_1_47' title='bbox 576 936 621 997; x_wconf 92' lang='lat' dir='ltr'>his</span> <span class='ocrx_word' id='word_1_48' title='bbox 640 935 702 996; x_wconf 88' lang='lat' dir='ltr'>bini</span> <span class='ocrx_word' id='word_1_49' title='bbox 721 945 772 997; x_wconf 91' lang='lat' dir='ltr'>aut</span> <span class='ocrx_word' id='word_1_50' title='bbox 791 935 837 996; x_wconf 89' lang='lat' dir='ltr'>bis</span> <span class='ocrx_word' id='word_1_51' title='bbox 856 940 950 997; x_wconf 90' lang='lat' dir='ltr'>ternis</span> <span class='ocrx_word' id='word_1_52' title='bbox 968 940 1006 998; x_wconf 93' lang='lat' dir='ltr'>ita</span> <span class='ocrx_word' id='word_1_53' title='bbox 1027 940 1135 998; x_wconf 84' lang='lat' dir='ltr'>iunctis</span> <span class='ocrx_word' id='word_1_54' title='bbox 1151 948 1278 998; x_wconf 90' lang='lat' dir='ltr'>restaret</span> 
     </span>
     <span class='ocr_line' id='line_1_7' title="bbox 128 1041 1278 1124; baseline 0.003 -23"><span class='ocrx_word' id='word_1_55' title='bbox 128 1041 295 1120; x_wconf 85' lang='lat' dir='ltr'>singularis,</span> <span class='ocrx_word' id='word_1_56' title='bbox 306 1043 361 1101; x_wconf 88' lang='lat' dir='ltr'>tria</span> <span class='ocrx_word' id='word_1_57' title='bbox 371 1042 563 1104; x_wconf 84' lang='lat' dir='ltr'>efficerentur</span> <span class='ocrx_word' id='word_1_58' title='bbox 573 1061 708 1122; x_wconf 84' lang='lat' dir='ltr'>corpora,</span> <span class='ocrx_word' id='word_1_59' title='bbox 720 1060 846 1120; x_wconf 87' lang='lat' dir='ltr'>quorum</span> <span class='ocrx_word' id='word_1_60' title='bbox 859 1042 1002 1103; x_wconf 90' lang='lat' dir='ltr'>librorum</span> <span class='ocrx_word' id='word_1_61' title='bbox 1014 1062 1128 1104; x_wconf 88' lang='lat' dir='ltr'>summa</span> <span class='ocrx_word' id='word_1_62' title='bbox 1138 1055 1278 1124; x_wconf 86' lang='lat' dir='ltr'>aequaret</span> 
     </span>
     <span class='ocr_line' id='line_1_8' title="bbox 129 1144 1278 1230; baseline 0.001 -21"><span class='ocrx_word' id='word_1_63' title='bbox 129 1166 287 1209; x_wconf 81' lang='lat' dir='ltr'>ntumerum</span> <span class='ocrx_word' id='word_1_64' title='bbox 302 1147 339 1208; x_wconf 89' lang='lat' dir='ltr'>ab</span> <span class='ocrx_word' id='word_1_65' title='bbox 356 1149 535 1227; x_wconf 75' lang='lat' dir='ltr'>Hieronymo</span> <span class='ocrx_word' id='word_1_66' title='bbox 550 1149 684 1210; x_wconf 88' lang='lat' dir='ltr'>relatum.</span> <span class='ocrx_word' id='word_1_67' title='bbox 718 1148 800 1218; x_wconf 86' lang='lat' dir='ltr'>Quae</span> <span class='ocrx_word' id='word_1_68' title='bbox 815 1144 986 1210; x_wconf 88' lang='lat' dir='ltr'>coniectura</span> <span class='ocrx_word' id='word_1_69' title='bbox 1002 1153 1056 1210; x_wconf 92' lang='lat' dir='ltr'>niti</span> <span class='ocrx_word' id='word_1_70' title='bbox 1070 1159 1171 1230; x_wconf 91' lang='lat' dir='ltr'>posset</span> <span class='ocrx_word' id='word_1_71' title='bbox 1185 1153 1278 1228; x_wconf 90' lang='lat' dir='ltr'>ipsius</span> 
     </span>
     <span class='ocr_line' id='line_1_9' title="bbox 128 1249 1279 1335; baseline 0.003 -22"><span class='ocrx_word' id='word_1_72' title='bbox 128 1254 233 1315; x_wconf 85' lang='lat' dir='ltr'>loliani</span> <span class='ocrx_word' id='word_1_73' title='bbox 247 1257 426 1335; x_wconf 80' lang='lat' dir='ltr'>testimonio,</span> <span class='ocrx_word' id='word_1_74' title='bbox 444 1257 496 1332; x_wconf 86' lang='lat' dir='ltr'>qui</span> <span class='ocrx_word' id='word_1_75' title='bbox 506 1274 533 1334; x_wconf 93' lang='lat' dir='ltr'>p.</span> <span class='ocrx_word' id='word_1_76' title='bbox 545 1249 676 1331; x_wconf 66' lang='lat'>261131)</span> <span class='ocrx_word' id='word_1_77' title='bbox 697 1254 795 1314; x_wconf 87' lang='lat' dir='ltr'>laudat</span> <span class='ocrx_word' id='word_1_78' title='bbox 810 1252 963 1329; x_wconf 85' lang='grc' dir='ltr'>δεύτερον</span> <span class='ocrx_word' id='word_1_79' title='bbox 982 1274 1070 1316; x_wconf 92' lang='lat' dir='ltr'>suum</span> <span class='ocrx_word' id='word_1_80' title='bbox 1086 1254 1279 1335; x_wconf 82' lang='grc' dir='ltr'>(ύγγραμμα,</span> 
     </span>
     <span class='ocr_line' id='line_1_10' title="bbox 128 1359 1278 1441; baseline 0.003 -21"><span class='ocrx_word' id='word_1_81' title='bbox 128 1363 155 1421; x_wconf 87' lang='lat' dir='ltr'>si</span> <span class='ocrx_word' id='word_1_82' title='bbox 178 1379 231 1421; x_wconf 86' lang='lat' dir='ltr'>vox</span> <span class='ocrx_word' id='word_1_83' title='bbox 251 1359 437 1435; x_wconf 83' lang='grc' dir='ltr'>εύγγραμμα</span> <span class='ocrx_word' id='word_1_84' title='bbox 461 1378 496 1419; x_wconf 93' lang='lat' dir='ltr'>eo</span> <span class='ocrx_word' id='word_1_85' title='bbox 515 1369 649 1440; x_wconf 83' lang='lat' dir='ltr'>tempore</span> <span class='ocrx_word' id='word_1_86' title='bbox 669 1379 728 1439; x_wconf 91' lang='lat' dir='ltr'>quo</span> <span class='ocrx_word' id='word_1_87' title='bbox 748 1364 867 1441; x_wconf 77' lang='lat' dir='ltr'>scripsit</span> <span class='ocrx_word' id='word_1_88' title='bbox 882 1362 1013 1422; x_wconf 87' lang='lat' dir='ltr'>lulianus</span> <span class='ocrx_word' id='word_1_89' title='bbox 1031 1363 1104 1422; x_wconf 90' lang='lat' dir='ltr'>nihil</span> <span class='ocrx_word' id='word_1_90' title='bbox 1124 1364 1200 1423; x_wconf 85' lang='lat' dir='ltr'>aliud</span> <span class='ocrx_word' id='word_1_91' title='bbox 1222 1365 1278 1423; x_wconf 88' lang='lat' dir='ltr'>nisi</span> 
     </span>
     <span class='ocr_line' id='line_1_11' title="bbox 127 1465 1278 1549; baseline 0.003 -24"><span class='ocrx_word' id='word_1_92' title='bbox 127 1466 208 1544; x_wconf 82' lang='lat' dir='ltr'>quod</span> <span class='ocrx_word' id='word_1_93' title='bbox 227 1465 445 1544; x_wconf 81' lang='lat' dir='ltr'>antiquioribus</span> <span class='ocrx_word' id='word_1_94' title='bbox 468 1466 652 1546; x_wconf 86' lang='lat' dir='ltr'>temporibus</span> <span class='ocrx_word' id='word_1_95' title='bbox 676 1469 879 1546; x_wconf 81' lang='lat' dir='ltr'>significasset.</span> <span class='ocrx_word' id='word_1_96' title='bbox 917 1468 1008 1529; x_wconf 79' lang='lat' dir='ltr'>Cuius</span> <span class='ocrx_word' id='word_1_97' title='bbox 1028 1471 1072 1528; x_wconf 91' lang='lat' dir='ltr'>vis</span> <span class='ocrx_word' id='word_1_98' title='bbox 1091 1488 1165 1548; x_wconf 89' lang='lat' dir='ltr'>quae</span> <span class='ocrx_word' id='word_1_99' title='bbox 1185 1472 1278 1549; x_wconf 84' lang='lat' dir='ltr'>initio,</span> 
     </span>
     <span class='ocr_line' id='line_1_12' title="bbox 128 1571 1278 1655; baseline 0 -23"><span class='ocrx_word' id='word_1_100' title='bbox 128 1590 204 1651; x_wconf 71' lang='lat' dir='ltr'>qliae</span> <span class='ocrx_word' id='word_1_101' title='bbox 215 1581 316 1652; x_wconf 87' lang='lat' dir='ltr'>postea</span> <span class='ocrx_word' id='word_1_102' title='bbox 331 1571 421 1633; x_wconf 86' lang='lat' dir='ltr'>luerit</span> <span class='ocrx_word' id='word_1_103' title='bbox 431 1591 498 1633; x_wconf 91' lang='lat' dir='ltr'>cum</span> <span class='ocrx_word' id='word_1_104' title='bbox 510 1591 547 1633; x_wconf 92' lang='lat' dir='ltr'>ne</span> <span class='ocrx_word' id='word_1_105' title='bbox 561 1575 591 1633; x_wconf 91' lang='lat' dir='ltr'>in</span> <span class='ocrx_word' id='word_1_106' title='bbox 603 1572 744 1653; x_wconf 83' lang='lat' dir='ltr'>Stephani</span> <span class='ocrx_word' id='word_1_107' title='bbox 758 1574 877 1653; x_wconf 88' lang='lat' dir='ltr'>quidem</span> <span class='ocrx_word' id='word_1_108' title='bbox 889 1575 1028 1635; x_wconf 90' lang='lat' dir='ltr'>thesauro</span> <span class='ocrx_word' id='word_1_109' title='bbox 1039 1584 1213 1655; x_wconf 83' lang='lat' dir='ltr'>exponatur,</span> <span class='ocrx_word' id='word_1_110' title='bbox 1224 1575 1278 1633; x_wconf 83' lang='lat' dir='ltr'>hoc</span> 
     </span>
     <span class='ocr_line' id='line_1_13' title="bbox 128 1677 1279 1759; baseline 0 -21"><span class='ocrx_word' id='word_1_111' title='bbox 128 1677 194 1739; x_wconf 90' lang='lat' dir='ltr'>loco</span> <span class='ocrx_word' id='word_1_112' title='bbox 208 1679 306 1758; x_wconf 89' lang='lat' dir='ltr'>paullo</span> <span class='ocrx_word' id='word_1_113' title='bbox 325 1682 493 1740; x_wconf 80' lang='lat' dir='ltr'>accuratius</span> <span class='ocrx_word' id='word_1_114' title='bbox 513 1682 623 1739; x_wconf 92' lang='lat' dir='ltr'>ineam</span> <span class='ocrx_word' id='word_1_115' title='bbox 642 1680 715 1739; x_wconf 93' lang='lat' dir='ltr'>mihi</span> <span class='ocrx_word' id='word_1_116' title='bbox 734 1680 947 1759; x_wconf 86' lang='lat' dir='ltr'>inquirendum</span> <span class='ocrx_word' id='word_1_117' title='bbox 965 1690 1019 1742; x_wconf 90' lang='lat' dir='ltr'>est.</span> <span class='ocrx_word' id='word_1_118' title='bbox 1047 1680 1122 1740; x_wconf 89' lang='lat' dir='ltr'>Nota</span> <span class='ocrx_word' id='word_1_119' title='bbox 1141 1681 1279 1741; x_wconf 88' lang='lat' dir='ltr'>omnihus</span> 
     </span>
     <span class='ocr_line' id='line_1_14' title="bbox 130 1784 1278 1867; baseline 0.002 -22"><span class='ocrx_word' id='word_1_120' title='bbox 130 1795 202 1846; x_wconf 87' lang='lat' dir='ltr'>sunt</span> <span class='ocrx_word' id='word_1_121' title='bbox 215 1786 396 1867; x_wconf 78' lang='lat' dir='ltr'>Thucydidis</span> <span class='ocrx_word' id='word_1_122' title='bbox 411 1784 508 1864; x_wconf 87' lang='lat' dir='ltr'>verba,</span> <span class='ocrx_word' id='word_1_123' title='bbox 527 1784 636 1865; x_wconf 91' lang='lat' dir='ltr'>quibus</span> <span class='ocrx_word' id='word_1_124' title='bbox 656 1785 747 1846; x_wconf 89' lang='lat' dir='ltr'>libros</span> <span class='ocrx_word' id='word_1_125' title='bbox 767 1805 837 1846; x_wconf 90' lang='lat' dir='ltr'>suos</span> <span class='ocrx_word' id='word_1_126' title='bbox 851 1789 1036 1866; x_wconf 83' lang='lat' dir='ltr'>inauguravit</span> <span class='ocrx_word' id='word_1_127' title='bbox 1051 1786 1137 1847; x_wconf 87' lang='lat' dir='ltr'>haec:</span> <span class='ocrx_word' id='word_1_128' title='bbox 1157 1785 1278 1848; x_wconf 86' lang='grc' dir='ltr'>Θουκυ-</span> 
     </span>
     <span class='ocr_line' id='line_1_15' title="bbox 128 1888 1279 1970; baseline 0.002 -19"><span class='ocrx_word' id='word_1_129' title='bbox 128 1888 219 1968; x_wconf 68' lang='grc' dir='ltr'>δίδης</span> <span class='ocrx_word' id='word_1_130' title='bbox 247 1889 413 1970; x_wconf 83' lang='grc' dir='ltr'>Ἀθηναῖο(</span> <span class='ocrx_word' id='word_1_131' title='bbox 442 1889 622 1966; x_wconf 85' lang='grc' dir='ltr'>ξυνέγραψε</span> <span class='ocrx_word' id='word_1_132' title='bbox 650 1890 708 1952; x_wconf 87' lang='grc' dir='ltr'>τὸν</span> <span class='ocrx_word' id='word_1_133' title='bbox 736 1889 880 1967; x_wconf 90' lang='grc' dir='ltr'>πόλεμον</span> <span class='ocrx_word' id='word_1_134' title='bbox 911 1893 978 1953; x_wconf 86' lang='grc' dir='ltr'>τῶν</span> <span class='ocrx_word' id='word_1_135' title='bbox 1005 1891 1279 1969; x_wconf 83' lang='grc' dir='ltr'>Πελοποννητίων</span> 
     </span>
     <span class='ocr_line' id='line_1_16' title="bbox 126 1992 1278 2078; baseline 0 -19"><span class='ocrx_word' id='word_1_136' title='bbox 126 1995 181 2059; x_wconf 89' lang='grc' dir='ltr'>καὶ</span> <span class='ocrx_word' id='word_1_137' title='bbox 198 1992 374 2073; x_wconf 83' lang='grc' dir='ltr'>Ἀθηναίων</span> <span class='ocrx_word' id='word_1_138' title='bbox 397 1995 442 2058; x_wconf 75' lang='lat' dir='ltr'>oc</span> <span class='ocrx_word' id='word_1_139' title='bbox 461 1995 662 2074; x_wconf 78' lang='grc' dir='ltr'>ἐπολέμηεαν</span> <span class='ocrx_word' id='word_1_140' title='bbox 685 1996 766 2074; x_wconf 80' lang='grc' dir='ltr'>πρὸ(</span> <span class='ocrx_word' id='word_1_141' title='bbox 785 1993 953 2073; x_wconf 69' lang='grc' dir='ltr'>ἀλλήλους.</span> <span class='ocrx_word' id='word_1_142' title='bbox 991 1997 1068 2058; x_wconf 90' lang='lat' dir='ltr'>Voce</span> <span class='ocrx_word' id='word_1_143' title='bbox 1096 2002 1187 2078; x_wconf 86' lang='lat' dir='ltr'>igitur</span> <span class='ocrx_word' id='word_1_144' title='bbox 1205 2017 1278 2073; x_wconf 77' lang='grc' dir='ltr'>τυγ-</span> 
     </span>
     <span class='ocr_line' id='line_1_17' title="bbox 126 2100 1278 2184; baseline 0.001 -20"><span class='ocrx_word' id='word_1_145' title='bbox 126 2100 266 2179; x_wconf 84' lang='grc' dir='ltr'>γράφειν</span> <span class='ocrx_word' id='word_1_146' title='bbox 295 2104 332 2165; x_wconf 88' lang='lat' dir='ltr'>de</span> <span class='ocrx_word' id='word_1_147' title='bbox 356 2108 427 2166; x_wconf 87' lang='lat' dir='ltr'>totis</span> <span class='ocrx_word' id='word_1_148' title='bbox 456 2103 597 2184; x_wconf 88' lang='lat' dir='ltr'>operibus</span> <span class='ocrx_word' id='word_1_149' title='bbox 627 2103 787 2165; x_wconf 89' lang='lat' dir='ltr'>utebantur</span> <span class='ocrx_word' id='word_1_150' title='bbox 816 2106 866 2182; x_wconf 91' lang='lat' dir='ltr'>qui</span> <span class='ocrx_word' id='word_1_151' title='bbox 895 2114 966 2164; x_wconf 87' lang='lat' dir='ltr'>tuno</span> <span class='ocrx_word' id='word_1_152' title='bbox 996 2105 1116 2165; x_wconf 90' lang='lat' dir='ltr'>luerunt</span> <span class='ocrx_word' id='word_1_153' title='bbox 1144 2105 1278 2165; x_wconf 91' lang='lat' dir='ltr'>homines</span> 
     </span>
     <span class='ocr_line' id='line_1_18' title="bbox 128 2210 1276 2291; baseline 0.001 -21"><span class='ocrx_word' id='word_1_154' title='bbox 128 2228 227 2289; x_wconf 85' lang='lat' dir='ltr'>neque</span> <span class='ocrx_word' id='word_1_155' title='bbox 251 2212 307 2272; x_wconf 88' lang='lat' dir='ltr'>alio</span> <span class='ocrx_word' id='word_1_156' title='bbox 331 2212 418 2272; x_wconf 87' lang='lat' dir='ltr'>modo</span> <span class='ocrx_word' id='word_1_157' title='bbox 442 2213 486 2272; x_wconf 93' lang='lat' dir='ltr'>uti</span> <span class='ocrx_word' id='word_1_158' title='bbox 509 2220 659 2291; x_wconf 89' lang='lat' dir='ltr'>poteraut,</span> <span class='ocrx_word' id='word_1_159' title='bbox 683 2230 751 2272; x_wconf 88' lang='lat' dir='ltr'>cum</span> <span class='ocrx_word' id='word_1_160' title='bbox 776 2210 906 2270; x_wconf 89' lang='lat' dir='ltr'>nondum</span> <span class='ocrx_word' id='word_1_161' title='bbox 936 2212 1027 2270; x_wconf 91' lang='lat' dir='ltr'>moris</span> <span class='ocrx_word' id='word_1_162' title='bbox 1052 2222 1131 2270; x_wconf 86' lang='lat' dir='ltr'>esset</span> <span class='ocrx_word' id='word_1_163' title='bbox 1161 2211 1276 2289; x_wconf 89' lang='lat' dir='ltr'>singula</span> 
     </span>
     <span class='ocr_line' id='line_1_19' title="bbox 127 2316 1278 2398; baseline 0.001 -23"><span class='ocrx_word' id='word_1_164' title='bbox 127 2334 220 2396; x_wconf 83' lang='lat' dir='ltr'>opera</span> <span class='ocrx_word' id='word_1_165' title='bbox 243 2320 274 2378; x_wconf 91' lang='lat' dir='ltr'>iu</span> <span class='ocrx_word' id='word_1_166' title='bbox 294 2318 395 2398; x_wconf 90' lang='lat' dir='ltr'>plures</span> <span class='ocrx_word' id='word_1_167' title='bbox 418 2317 510 2378; x_wconf 91' lang='lat' dir='ltr'>libros</span> <span class='ocrx_word' id='word_1_168' title='bbox 529 2318 668 2377; x_wconf 86' lang='lat' dir='ltr'>dividere.</span> <span class='ocrx_word' id='word_1_169' title='bbox 707 2317 792 2388; x_wconf 84' lang='lat' dir='ltr'>Quod</span> <span class='ocrx_word' id='word_1_170' title='bbox 812 2316 864 2376; x_wconf 92' lang='lat' dir='ltr'>ubi</span> <span class='ocrx_word' id='word_1_171' title='bbox 883 2318 992 2377; x_wconf 87' lang='lat' dir='ltr'>lactum</span> <span class='ocrx_word' id='word_1_172' title='bbox 1012 2324 1072 2398; x_wconf 86' lang='lat' dir='ltr'>est,</span> <span class='ocrx_word' id='word_1_173' title='bbox 1096 2336 1171 2395; x_wconf 93' lang='lat' dir='ltr'>opus</span> <span class='ocrx_word' id='word_1_174' title='bbox 1191 2321 1278 2377; x_wconf 87' lang='lat' dir='ltr'>etiam</span> 
     </span>
     <span class='ocr_line' id='line_1_20' title="bbox 126 2422 1279 2504; baseline -0.001 -22"><span class='ocrx_word' id='word_1_175' title='bbox 126 2433 194 2483; x_wconf 89' lang='lat' dir='ltr'>erat</span> <span class='ocrx_word' id='word_1_176' title='bbox 216 2426 348 2504; x_wconf 83' lang='lat' dir='ltr'>nomina,</span> <span class='ocrx_word' id='word_1_177' title='bbox 376 2443 436 2503; x_wconf 87' lang='lat' dir='ltr'>quo</span> <span class='ocrx_word' id='word_1_178' title='bbox 464 2424 704 2503; x_wconf 81' lang='lat' dir='ltr'>significarentur</span> <span class='ocrx_word' id='word_1_179' title='bbox 731 2423 863 2501; x_wconf 85' lang='lat' dir='ltr'>singulae</span> <span class='ocrx_word' id='word_1_180' title='bbox 891 2425 991 2501; x_wconf 91' lang='lat' dir='ltr'>operis</span> <span class='ocrx_word' id='word_1_181' title='bbox 1019 2422 1143 2482; x_wconf 87' lang='lat' dir='ltr'>alicuius</span> <span class='ocrx_word' id='word_1_182' title='bbox 1171 2432 1279 2502; x_wconf 87' lang='lat' dir='ltr'>partes.</span> 
     </span>
     <span class='ocr_line' id='line_1_21' title="bbox 127 2514 1280 2608; baseline -0.001 -19"><span class='ocrx_word' id='word_1_183' title='bbox 127 2529 172 2589; x_wconf 92' lang='lat' dir='ltr'>lta</span> <span class='ocrx_word' id='word_1_184' title='bbox 197 2531 371 2590; x_wconf 75' lang='lat' dir='ltr'>factumest</span> <span class='ocrx_word' id='word_1_185' title='bbox 394 2538 427 2590; x_wconf 92' lang='lat' dir='ltr'>ut</span> <span class='ocrx_word' id='word_1_186' title='bbox 446 2548 534 2590; x_wconf 88' lang='lat' dir='ltr'>voces</span> <span class='ocrx_word' id='word_1_187' title='bbox 555 2528 662 2607; x_wconf 82' lang='grc' dir='ltr'>βίβλο(</span> <span class='ocrx_word' id='word_1_188' title='bbox 681 2539 711 2590; x_wconf 92' lang='lat' dir='ltr'>et</span> <span class='ocrx_word' id='word_1_189' title='bbox 736 2515 857 2606; x_wconf 83' lang='grc' dir='ltr'>βιβλίον</span> <span class='ocrx_word' id='word_1_190' title='bbox 879 2531 1048 2608; x_wconf 90' lang='lat' dir='ltr'>promiscue</span> <span class='ocrx_word' id='word_1_191' title='bbox 1066 2514 1280 2588; x_wconf 79' lang='lat' dir='ltr'>adhiberentur</span> 
     </span>
     <span class='ocr_line' id='line_1_22' title="bbox 126 2635 1279 2718; baseline -0.001 -23"><span class='ocrx_word' id='word_1_192' title='bbox 126 2645 163 2696; x_wconf 88' lang='lat' dir='ltr'>nt</span> <span class='ocrx_word' id='word_1_193' title='bbox 183 2637 420 2714; x_wconf 76' lang='lat' dir='ltr'>significarentur</span> <span class='ocrx_word' id='word_1_194' title='bbox 437 2646 468 2698; x_wconf 90' lang='lat' dir='ltr'>et</span> <span class='ocrx_word' id='word_1_195' title='bbox 487 2646 547 2699; x_wconf 90' lang='lat' dir='ltr'>tota</span> <span class='ocrx_word' id='word_1_196' title='bbox 566 2654 656 2715; x_wconf 92' lang='lat' dir='ltr'>opera</span> <span class='ocrx_word' id='word_1_197' title='bbox 676 2645 706 2696; x_wconf 90' lang='lat' dir='ltr'>et</span> <span class='ocrx_word' id='word_1_198' title='bbox 729 2637 860 2714; x_wconf 83' lang='lat' dir='ltr'>singulae</span> <span class='ocrx_word' id='word_1_199' title='bbox 880 2654 985 2696; x_wconf 88' lang='lat' dir='ltr'>eorum</span> <span class='ocrx_word' id='word_1_200' title='bbox 1003 2644 1111 2714; x_wconf 88' lang='lat' dir='ltr'>partes.</span> <span class='ocrx_word' id='word_1_201' title='bbox 1150 2635 1180 2695; x_wconf 92' lang='lat' dir='ltr'>ld</span> <span class='ocrx_word' id='word_1_202' title='bbox 1201 2636 1279 2718; x_wconf 77' lang='lat' dir='ltr'>qrrosl</span> 
     </span>
     <span class='ocr_line' id='line_1_23' title="bbox 127 2740 1280 2823; baseline -0.001 -22"><span class='ocrx_word' id='word_1_203' title='bbox 127 2741 346 2822; x_wconf 83' lang='lat' dir='ltr'>posterioribus</span> <span class='ocrx_word' id='word_1_204' title='bbox 365 2742 549 2823; x_wconf 89' lang='lat' dir='ltr'>temporibus</span> <span class='ocrx_word' id='word_1_205' title='bbox 568 2745 655 2802; x_wconf 90' lang='lat' dir='ltr'>etiam</span> <span class='ocrx_word' id='word_1_206' title='bbox 680 2745 710 2802; x_wconf 92' lang='lat' dir='ltr'>in</span> <span class='ocrx_word' id='word_1_207' title='bbox 732 2760 803 2802; x_wconf 90' lang='lat' dir='ltr'>voce</span> <span class='ocrx_word' id='word_1_208' title='bbox 824 2740 1009 2817; x_wconf 83' lang='grc' dir='ltr'>(ύγγραμμα</span> <span class='ocrx_word' id='word_1_209' title='bbox 1029 2761 1084 2802; x_wconf 92' lang='lat' dir='ltr'>usu</span> <span class='ocrx_word' id='word_1_210' title='bbox 1104 2743 1220 2801; x_wconf 88' lang='lat' dir='ltr'>venisse</span> <span class='ocrx_word' id='word_1_211' title='bbox 1244 2745 1280 2801; x_wconf 86' lang='lat' dir='ltr'>iis</span> 
     </span>
     <span class='ocr_line' id='line_1_24' title="bbox 126 2847 1279 2929; baseline -0.001 -21"><span class='ocrx_word' id='word_1_212' title='bbox 126 2847 339 2908; x_wconf 87' lang='lat' dir='ltr'>demonstrabo</span> <span class='ocrx_word' id='word_1_213' title='bbox 354 2848 507 2929; x_wconf 86' lang='lat' dir='ltr'>exemplis,</span> <span class='ocrx_word' id='word_1_214' title='bbox 524 2851 555 2908; x_wconf 89' lang='lat' dir='ltr'>in</span> <span class='ocrx_word' id='word_1_215' title='bbox 570 2866 644 2926; x_wconf 84' lang='lat' dir='ltr'>quae</span> <span class='ocrx_word' id='word_1_216' title='bbox 665 2847 740 2908; x_wconf 90' lang='lat' dir='ltr'>lorte</span> <span class='ocrx_word' id='word_1_217' title='bbox 761 2848 878 2909; x_wconf 89' lang='lat' dir='ltr'>lortuna</span> <span class='ocrx_word' id='word_1_218' title='bbox 893 2849 993 2908; x_wconf 88' lang='lat' dir='ltr'>incidi.</span> <span class='ocrx_word' id='word_1_219' title='bbox 1022 2848 1159 2926; x_wconf 85' lang='lat' dir='ltr'>Origenis</span> <span class='ocrx_word' id='word_1_220' title='bbox 1177 2857 1279 2909; x_wconf 86' lang='lat' dir='ltr'>contra</span> 
     </span>
     <span class='ocr_line' id='line_1_25' title="bbox 127 2948 1279 3031; baseline 0.002 -18"><span class='ocrx_word' id='word_1_221' title='bbox 127 2952 249 3013; x_wconf 83' lang='lat' dir='ltr'>Celsum</span> <span class='ocrx_word' id='word_1_222' title='bbox 268 2951 319 3011; x_wconf 85' lang='lat' dir='ltr'>Vll</span> <span class='ocrx_word' id='word_1_223' title='bbox 335 2950 366 3015; x_wconf 84' lang='lat'>1:</span> <span class='ocrx_word' id='word_1_224' title='bbox 395 2948 446 3014; x_wconf 84' lang='grc' dir='ltr'>Ἐν</span> <span class='ocrx_word' id='word_1_225' title='bbox 468 2952 501 3014; x_wconf 81' lang='grc' dir='ltr'>ἓξ</span> <span class='ocrx_word' id='word_1_226' title='bbox 525 2955 593 3013; x_wconf 78' lang='lat' dir='ltr'>soit</span> <span class='ocrx_word' id='word_1_227' title='bbox 617 2951 680 3028; x_wconf 89' lang='grc' dir='ltr'>πρὸ</span> <span class='ocrx_word' id='word_1_228' title='bbox 703 2950 888 3014; x_wconf 86' lang='grc' dir='ltr'>τούτων-</span> <span class='ocrx_word' id='word_1_229' title='bbox 914 2949 1145 3029; x_wconf 81' lang='grc' dir='ltr'>ἀγωνιτὰμενοι</span> <span class='ocrx_word' id='word_1_230' title='bbox 1168 2989 1210 2996; x_wconf 94' lang='grc'>-</span> <span class='ocrx_word' id='word_1_231' title='bbox 1237 2956 1279 3031; x_wconf 66' lang='grc' dir='ltr'>βι«</span> 
     </span>
     <span class='ocr_line' id='line_1_26' title="bbox 130 3055 1279 3136; baseline -0.001 -16"><span class='ocrx_word' id='word_1_232' title='bbox 130 3055 231 3136; x_wconf 78' lang='grc' dir='ltr'>βλίοιε</span> <span class='ocrx_word' id='word_1_233' title='bbox 254 3056 336 3134; x_wconf 75' lang='grc' dir='ltr'>πρὸ(</span> <span class='ocrx_word' id='word_1_234' title='bbox 358 3056 415 3119; x_wconf 67' lang='lat' dir='ltr'>sdic</span> <span class='ocrx_word' id='word_1_235' title='bbox 436 3056 553 3120; x_wconf 80' lang='grc' dir='ltr'>Κέλτου</span> <span class='ocrx_word' id='word_1_236' title='bbox 573 3056 652 3120; x_wconf 86' lang='grc' dir='ltr'>κατὰ</span> <span class='ocrx_word' id='word_1_237' title='bbox 673 3056 868 3134; x_wconf 75' lang='grc' dir='ltr'>Χριετιανῶν</span> <span class='ocrx_word' id='word_1_238' title='bbox 887 3056 1085 3135; x_wconf 83' lang='grc' dir='ltr'>κατηγορίαε,</span> <span class='ocrx_word' id='word_1_239' title='bbox 1111 3093 1133 3102; x_wconf 96' lang='grc'>-</span> <span class='ocrx_word' id='word_1_240' title='bbox 1175 3057 1279 3135; x_wconf 87' lang='grc' dir='ltr'>ἀρχώ-</span> 
     </span>
     <span class='ocr_line' id='line_1_27' title="bbox 131 3161 1278 3243; baseline -0.003 -16"><span class='ocrx_word' id='word_1_241' title='bbox 131 3169 213 3241; x_wconf 87' lang='grc' dir='ltr'>μεθα</span> <span class='ocrx_word' id='word_1_242' title='bbox 231 3164 282 3227; x_wconf 81' lang='grc' dir='ltr'>καὶ</span> <span class='ocrx_word' id='word_1_243' title='bbox 301 3161 438 3243; x_wconf 80' lang='grc' dir='ltr'>ἑβδόμου</span> <span class='ocrx_word' id='word_1_244' title='bbox 458 3161 699 3240; x_wconf 82' lang='grc' dir='ltr'>(υγγράμματοε</span> <span class='ocrx_word' id='word_1_245' title='bbox 714 3162 776 3226; x_wconf 89' lang='grc' dir='ltr'>κτὲ.</span> <span class='ocrx_word' id='word_1_246' title='bbox 800 3165 960 3226; x_wconf 79' lang='grc' dir='ltr'>ΙΙυτοτλίυυί</span> <span class='ocrx_word' id='word_1_247' title='bbox 979 3165 1015 3225; x_wconf 89' lang='lat' dir='ltr'>ab</span> <span class='ocrx_word' id='word_1_248' title='bbox 1034 3184 1096 3226; x_wconf 84' lang='lat' dir='ltr'>erc.</span> <span class='ocrx_word' id='word_1_249' title='bbox 1116 3164 1175 3239; x_wconf 79' lang='lat' dir='ltr'>(livi</span> <span class='ocrx_word' id='word_1_250' title='bbox 1189 3165 1278 3225; x_wconf 83' lang='lat' dir='ltr'>Marci</span> 
     </span>
     <span class='ocr_line' id='line_1_28' title="bbox 129 3267 1279 3352; baseline -0.002 -19"><span class='ocrx_word' id='word_1_251' title='bbox 129 3271 171 3333; x_wconf 92' lang='lat' dir='ltr'>lll</span> <span class='ocrx_word' id='word_1_252' title='bbox 189 3272 203 3332; x_wconf 94' lang='lat' dir='ltr'>l</span> <span class='ocrx_word' id='word_1_253' title='bbox 211 3321 220 3352; x_wconf 90' lang='lat'><em>‚</em></span> <span class='ocrx_word' id='word_1_254' title='bbox 238 3270 270 3332; x_wconf 89' lang='lat'>1:</span> <span class='ocrx_word' id='word_1_255' title='bbox 298 3269 343 3333; x_wconf 89' lang='grc' dir='ltr'>Τὸ</span> <span class='ocrx_word' id='word_1_256' title='bbox 371 3270 430 3346; x_wconf 82' lang='grc' dir='ltr'>μὲν</span> <span class='ocrx_word' id='word_1_257' title='bbox 457 3271 496 3346; x_wconf 84' lang='grc' dir='ltr'>δὴ</span> <span class='ocrx_word' id='word_1_258' title='bbox 524 3267 722 3346; x_wconf 77' lang='grc' dir='ltr'>Περτίνακοε</span> <span class='ocrx_word' id='word_1_259' title='bbox 750 3271 844 3333; x_wconf 85' lang='grc' dir='ltr'>τέλυε</span> <span class='ocrx_word' id='word_1_260' title='bbox 870 3306 906 3315; x_wconf 85' lang='grc'>-</span> <span class='ocrx_word' id='word_1_261' title='bbox 938 3270 1043 3351; x_wconf 85' lang='grc' dir='ltr'>ἐντῷ</span> <span class='ocrx_word' id='word_1_262' title='bbox 1072 3269 1134 3346; x_wconf 85' lang='grc' dir='ltr'>πρὸ</span> <span class='ocrx_word' id='word_1_263' title='bbox 1162 3268 1279 3331; x_wconf 88' lang='grc' dir='ltr'>τούτου</span> 
     </span>
     <span class='ocr_line' id='line_1_29' title="bbox 128 3372 1280 3455; baseline -0.001 -16"><span class='ocrx_word' id='word_1_264' title='bbox 128 3374 345 3455; x_wconf 79' lang='grc' dir='ltr'>ευγγρὰμματι</span> <span class='ocrx_word' id='word_1_265' title='bbox 373 3377 560 3455; x_wconf 84' lang='grc' dir='ltr'>δεδήλωται.</span> <span class='ocrx_word' id='word_1_266' title='bbox 607 3377 629 3434; x_wconf 89' lang='lat' dir='ltr'>V</span> <span class='ocrx_word' id='word_1_267' title='bbox 652 3377 683 3455; x_wconf 85' lang='lat' dir='ltr'>i,</span> <span class='ocrx_word' id='word_1_268' title='bbox 706 3376 737 3439; x_wconf 92' lang='lat' dir='ltr'>l:</span> <span class='ocrx_word' id='word_1_269' title='bbox 766 3375 875 3439; x_wconf 82' lang='lat' dir='ltr'>&#39;‘Onmc</span> <span class='ocrx_word' id='word_1_270' title='bbox 899 3377 1018 3454; x_wconf 80' lang='grc' dir='ltr'>μὲνδὴ</span> <span class='ocrx_word' id='word_1_271' title='bbox 1047 3372 1280 3439; x_wconf 80' lang='grc' dir='ltr'>ὁἈντωυῑνοτ</span> 
     </span>
     <span class='ocr_line' id='line_1_30' title="bbox 129 3479 1279 3564; baseline -0.003 -17"><span class='ocrx_word' id='word_1_272' title='bbox 129 3483 206 3561; x_wconf 83' lang='grc' dir='ltr'>ἦρξέ</span> <span class='ocrx_word' id='word_1_273' title='bbox 228 3503 263 3547; x_wconf 87' lang='grc' dir='ltr'>τε</span> <span class='ocrx_word' id='word_1_274' title='bbox 286 3483 336 3546; x_wconf 93' lang='grc' dir='ltr'>καὶ</span> <span class='ocrx_word' id='word_1_275' title='bbox 355 3482 551 3560; x_wconf 77' lang='grc' dir='ltr'>ἐτελεύτητε,</span> <span class='ocrx_word' id='word_1_276' title='bbox 576 3483 753 3560; x_wconf 76' lang='grc' dir='ltr'>δεδήλωται</span> <span class='ocrx_word' id='word_1_277' title='bbox 777 3482 877 3564; x_wconf 81' lang='grc' dir='ltr'>ἐντῷ</span> <span class='ocrx_word' id='word_1_278' title='bbox 901 3482 964 3559; x_wconf 87' lang='grc' dir='ltr'>πρὸ</span> <span class='ocrx_word' id='word_1_279' title='bbox 987 3480 1104 3545; x_wconf 88' lang='grc' dir='ltr'>τούτου</span> <span class='ocrx_word' id='word_1_280' title='bbox 1124 3479 1279 3559; x_wconf 84' lang='grc' dir='ltr'>ευγγράμ-</span> 
     </span>
     <span class='ocr_line' id='line_1_31' title="bbox 130 3584 1281 3671; baseline -0.003 -20"><span class='ocrx_word' id='word_1_281' title='bbox 130 3608 212 3665; x_wconf 81' lang='grc' dir='ltr'>ματι.</span> <span class='ocrx_word' id='word_1_282' title='bbox 251 3590 398 3651; x_wconf 83' lang='lat' dir='ltr'>Eusebius</span> <span class='ocrx_word' id='word_1_283' title='bbox 417 3599 520 3651; x_wconf 88' lang='lat' dir='ltr'>contra</span> <span class='ocrx_word' id='word_1_284' title='bbox 540 3589 705 3650; x_wconf 80' lang='lat' dir='ltr'>lli&#39;eroolem</span> <span class='ocrx_word' id='word_1_285' title='bbox 729 3609 756 3668; x_wconf 92' lang='lat' dir='ltr'>p.</span> <span class='ocrx_word' id='word_1_286' title='bbox 771 3587 836 3650; x_wconf 76' lang='lat'>428</span> <span class='ocrx_word' id='word_1_287' title='bbox 856 3584 1068 3671; x_wconf 87' lang='lat' dir='ltr'>(Philostratus</span> <span class='ocrx_word' id='word_1_288' title='bbox 1083 3589 1128 3650; x_wconf 91' lang='lat' dir='ltr'>ed.</span> <span class='ocrx_word' id='word_1_289' title='bbox 1143 3588 1254 3668; x_wconf 80' lang='lat' dir='ltr'>Kayser</span> <span class='ocrx_word' id='word_1_290' title='bbox 1270 3590 1281 3648; x_wconf 97' lang='lat' dir='ltr'>l</span> 
     </span>
     <span class='ocr_line' id='line_1_32' title="bbox 129 3690 1281 3778; baseline -0.003 -20"><span class='ocrx_word' id='word_1_291' title='bbox 129 3717 159 3777; x_wconf 91' lang='lat' dir='ltr'>p.</span> <span class='ocrx_word' id='word_1_292' title='bbox 174 3691 256 3778; x_wconf 80' lang='lat'>369)</span> <span class='ocrx_word' id='word_1_293' title='bbox 273 3694 313 3757; x_wconf 89' lang='grc' dir='ltr'>τὰ</span> <span class='ocrx_word' id='word_1_294' title='bbox 332 3694 430 3757; x_wconf 86' lang='grc' dir='ltr'>λοιπὰ</span> <span class='ocrx_word' id='word_1_295' title='bbox 447 3696 514 3757; x_wconf 83' lang='grc' dir='ltr'>τῶν</span> <span class='ocrx_word' id='word_1_296' title='bbox 531 3695 567 3757; x_wconf 83' lang='grc' dir='ltr'>ἐν</span> <span class='ocrx_word' id='word_1_297' title='bbox 586 3698 632 3775; x_wconf 81' lang='grc' dir='ltr'>τῷ</span> <span class='ocrx_word' id='word_1_298' title='bbox 651 3690 706 3776; x_wconf 88' lang='lat' dir='ltr'>(sc.</span> <span class='ocrx_word' id='word_1_299' title='bbox 721 3690 929 3778; x_wconf 67' lang='grc' dir='ltr'>Ἱεροκλέους)</span> <span class='ocrx_word' id='word_1_300' title='bbox 948 3694 1120 3772; x_wconf 83' lang='grc' dir='ltr'>Φιλαλήθει</span> <span class='ocrx_word' id='word_1_301' title='bbox 1142 3729 1180 3739; x_wconf 82' lang='grc'><strong>-</strong></span> <span class='ocrx_word' id='word_1_302' title='bbox 1202 3691 1281 3768; x_wconf 27' lang='grc' dir='ltr'>ἀνα-</span> 
     </span>
     <span class='ocr_line' id='line_1_33' title="bbox 130 3797 1280 3878; baseline -0.003 -15"><span class='ocrx_word' id='word_1_303' title='bbox 130 3801 304 3878; x_wconf 81' lang='grc' dir='ltr'>τέτραπται</span> <span class='ocrx_word' id='word_1_304' title='bbox 322 3800 373 3864; x_wconf 87' lang='grc' dir='ltr'>καὶ</span> <span class='ocrx_word' id='word_1_305' title='bbox 394 3801 692 3878; x_wconf 87' lang='grc' dir='ltr'>προαπελήλεγκται</span> <span class='ocrx_word' id='word_1_306' title='bbox 711 3800 747 3863; x_wconf 82' lang='grc' dir='ltr'>ἐν</span> <span class='ocrx_word' id='word_1_307' title='bbox 766 3798 855 3862; x_wconf 86' lang='grc' dir='ltr'>ὅλοιε</span> <span class='ocrx_word' id='word_1_308' title='bbox 874 3797 957 3862; x_wconf 86' lang='grc' dir='ltr'>ὀκτὼ</span> <span class='ocrx_word' id='word_1_309' title='bbox 978 3797 1189 3876; x_wconf 79' lang='grc' dir='ltr'>(υγγράμμαει</span> <span class='ocrx_word' id='word_1_310' title='bbox 1212 3801 1280 3861; x_wconf 70' lang='grc' dir='ltr'>τοῖς</span> 
     </span>
     <span class='ocr_line' id='line_1_34' title="bbox 129 3903 1280 3986; baseline -0.007 -15"><span class='ocrx_word' id='word_1_311' title='bbox 129 3905 286 3986; x_wconf 87' lang='grc' dir='ltr'>Ὠριγένει</span> <span class='ocrx_word' id='word_1_312' title='bbox 308 3910 457 3984; x_wconf 82' lang='grc' dir='ltr'>γραφεῐτι</span> <span class='ocrx_word' id='word_1_313' title='bbox 476 3905 538 3969; x_wconf 85' lang='grc' dir='ltr'>κτέ.</span> <span class='ocrx_word' id='word_1_314' title='bbox 576 3907 782 3968; x_wconf 84' lang='lat' dir='ltr'>Theodoretus</span> <span class='ocrx_word' id='word_1_315' title='bbox 804 3906 905 3967; x_wconf 85' lang='lat' dir='ltr'>Graec.</span> <span class='ocrx_word' id='word_1_316' title='bbox 928 3908 973 3966; x_wconf 77' lang='lat' dir='ltr'>all.</span> <span class='ocrx_word' id='word_1_317' title='bbox 989 3926 1051 3967; x_wconf 91' lang='lat' dir='ltr'>cur.</span> <span class='ocrx_word' id='word_1_318' title='bbox 1067 3906 1100 3967; x_wconf 91' lang='lat' dir='ltr'>ll.</span> <span class='ocrx_word' id='word_1_319' title='bbox 1116 3925 1144 3984; x_wconf 89' lang='lat' dir='ltr'>p.</span> <span class='ocrx_word' id='word_1_320' title='bbox 1159 3903 1210 3985; x_wconf 88' lang='lat'>81,</span> <span class='ocrx_word' id='word_1_321' title='bbox 1225 3903 1280 3964; x_wconf 68' lang='lat' dir='ltr'>9ss</span> 
     </span>
     <span class='ocr_line' id='line_1_35' title="bbox 132 4008 1280 4091; baseline -0.007 -14"><span class='ocrx_word' id='word_1_322' title='bbox 132 4013 174 4077; x_wconf 84' lang='grc' dir='ltr'>τὰ</span> <span class='ocrx_word' id='word_1_323' title='bbox 188 4014 349 4077; x_wconf 76' lang='grc' dir='ltr'>Μωυίέωε</span> <span class='ocrx_word' id='word_1_324' title='bbox 363 4016 422 4076; x_wconf 81' lang='grc' dir='ltr'>τοῦ</span> <span class='ocrx_word' id='word_1_325' title='bbox 443 4011 583 4090; x_wconf 87' lang='grc' dir='ltr'>μεγάλου</span> <span class='ocrx_word' id='word_1_326' title='bbox 599 4009 824 4089; x_wconf 81' lang='grc' dir='ltr'>(υγγράμματα</span> <span class='ocrx_word' id='word_1_327' title='bbox 840 4023 990 4074; x_wconf 91' lang='lat' dir='ltr'>memorat.</span> <span class='ocrx_word' id='word_1_328' title='bbox 1014 4013 1095 4073; x_wconf 91' lang='lat' dir='ltr'>ldem</span> <span class='ocrx_word' id='word_1_329' title='bbox 1114 4031 1141 4090; x_wconf 95' lang='lat' dir='ltr'>p.</span> <span class='ocrx_word' id='word_1_330' title='bbox 1157 4009 1209 4091; x_wconf 75' lang='lat' dir='ltr'>ut,</span> <span class='ocrx_word' id='word_1_331' title='bbox 1224 4008 1280 4070; x_wconf 68' lang='lat' dir='ltr'>flu</span> 
     </span>
    </p>
   </div>
   <div class='ocr_carea' id='block_1_3' title="bbox 131 4172 346 4181">
    <p class='ocr_par' dir='ltr' id='par_1_3' title="bbox 131 4172 346 4181">
     <span class='ocr_line' id='line_1_36' title="bbox 131 4172 346 4181; baseline -0.009 -1"><span class='ocrx_word' id='word_1_332' title='bbox 131 4172 346 4181; x_wconf 77' lang='lat'><em>——-—-—---—</em></span> 
     </span>
    </p>
   </div>
   <div class='ocr_carea' id='block_1_4' title="bbox 128 4260 1280 4590">
    <p class='ocr_par' dir='ltr' id='par_1_4' title="bbox 128 4260 1280 4519">
     <span class='ocr_line' id='line_1_37' title="bbox 204 4260 1278 4342; baseline -0.002 -16"><span class='ocrx_word' id='word_1_333' title='bbox 204 4277 231 4342; x_wconf 86' lang='lat'>1)</span> <span class='ocrx_word' id='word_1_334' title='bbox 255 4272 310 4327; x_wconf 90' lang='lat' dir='ltr'>Ubi</span> <span class='ocrx_word' id='word_1_335' title='bbox 332 4273 403 4327; x_wconf 82' lang='lat' dir='ltr'>haec</span> <span class='ocrx_word' id='word_1_336' title='bbox 425 4272 605 4327; x_wconf 78' lang='lat' dir='ltr'>inveniuntur</span> <span class='ocrx_word' id='word_1_337' title='bbox 629 4271 659 4325; x_wconf 89' lang='lat' dir='ltr'>in</span> <span class='ocrx_word' id='word_1_338' title='bbox 682 4270 807 4340; x_wconf 83' lang='lat' dir='ltr'>margine</span> <span class='ocrx_word' id='word_1_339' title='bbox 831 4270 935 4324; x_wconf 85' lang='lat' dir='ltr'>codicis</span> <span class='ocrx_word' id='word_1_340' title='bbox 960 4271 1044 4326; x_wconf 85' lang='lat' dir='ltr'>Marc.</span> <span class='ocrx_word' id='word_1_341' title='bbox 1067 4277 1129 4325; x_wconf 82' lang='lat'>123:</span> <span class='ocrx_word' id='word_1_342' title='bbox 1154 4260 1191 4338; x_wconf 66' lang='grc' dir='ltr'>ἶη</span> <span class='ocrx_word' id='word_1_343' title='bbox 1212 4272 1240 4340; x_wconf 89' lang='lat' dir='ltr'>(i.</span> <span class='ocrx_word' id='word_1_344' title='bbox 1256 4288 1278 4325; x_wconf 87' lang='lat' dir='ltr'>c.</span> 
     </span>
     <span class='ocr_line' id='line_1_38' title="bbox 130 4354 1280 4431; baseline -0.002 -15"><span class='ocrx_word' id='word_1_345' title='bbox 130 4363 253 4431; x_wconf 79' lang='grc' dir='ltr'>(ημεῖον)</span> <span class='ocrx_word' id='word_1_346' title='bbox 274 4362 318 4415; x_wconf 87' lang='grc' dir='ltr'>ὅτι</span> <span class='ocrx_word' id='word_1_347' title='bbox 336 4364 381 4415; x_wconf 75' lang='grc' dir='ltr'>καὶ</span> <span class='ocrx_word' id='word_1_348' title='bbox 401 4356 479 4419; x_wconf 63' lang='lat' dir='ltr'>beosa</span> <span class='ocrx_word' id='word_1_349' title='bbox 504 4361 606 4426; x_wconf 77' lang='grc' dir='ltr'>βιβλίον</span> <span class='ocrx_word' id='word_1_350' title='bbox 625 4362 641 4414; x_wconf 88' lang='grc' dir='ltr'>ὁ</span> <span class='ocrx_word' id='word_1_351' title='bbox 660 4354 737 4418; x_wconf 65' lang='grc' dir='ltr'>ἀλιῑέ</span> <span class='ocrx_word' id='word_1_352' title='bbox 759 4359 788 4426; x_wconf 86' lang='lat' dir='ltr'>(i.</span> <span class='ocrx_word' id='word_1_353' title='bbox 807 4376 830 4414; x_wconf 86' lang='lat' dir='ltr'>e.</span> <span class='ocrx_word' id='word_1_354' title='bbox 851 4361 999 4427; x_wconf 70' lang='grc' dir='ltr'>ἀλιτήριος)</span> <span class='ocrx_word' id='word_1_355' title='bbox 1023 4362 1136 4426; x_wconf 81' lang='grc' dir='ltr'>ἔγραψε.</span> <span class='ocrx_word' id='word_1_356' title='bbox 1172 4363 1216 4414; x_wconf 88' lang='grc' dir='ltr'>καί</span> <span class='ocrx_word' id='word_1_357' title='bbox 1235 4364 1280 4427; x_wconf 83' lang='grc' dir='ltr'>Ζη-</span> 
     </span>
     <span class='ocr_line' id='line_1_39' title="bbox 128 4443 927 4519; baseline -0.009 -13"><span class='ocrx_word' id='word_1_358' title='bbox 128 4453 195 4507; x_wconf 77' lang='grc' dir='ltr'>τέον</span> <span class='ocrx_word' id='word_1_359' title='bbox 215 4451 276 4519; x_wconf 87' lang='lat' dir='ltr'>(sic)</span> <span class='ocrx_word' id='word_1_360' title='bbox 295 4453 339 4504; x_wconf 88' lang='grc' dir='ltr'>καί</span> <span class='ocrx_word' id='word_1_361' title='bbox 358 4451 408 4504; x_wconf 77' lang='grc' dir='ltr'>τὰ(</span> <span class='ocrx_word' id='word_1_362' title='bbox 424 4451 495 4518; x_wconf 79' lang='grc' dir='ltr'>πρὸ(</span> <span class='ocrx_word' id='word_1_363' title='bbox 514 4451 654 4504; x_wconf 83' lang='grc' dir='ltr'>αὐτὸ·τοῦ</span> <span class='ocrx_word' id='word_1_364' title='bbox 672 4443 732 4517; x_wconf 76' lang='grc' dir='ltr'>πρέ</span> <span class='ocrx_word' id='word_1_365' title='bbox 752 4449 927 4515; x_wconf 76' lang='grc' dir='ltr'>ἀντιρρήεειτ.</span> 
     </span>
    </p>

    <p class='ocr_par' dir='ltr' id='par_1_5' title="bbox 1031 4536 1068 4590">
     <span class='ocr_line' id='line_1_40' title="bbox 1031 4536 1068 4590; baseline 0 -19"><span class='ocrx_word' id='word_1_366' title='bbox 1031 4536 1068 4590; x_wconf 72' lang='lat'>7*</span> 
     </span>
    </p>
   </div>
   <div class='ocr_carea' id='block_1_5' title="bbox 0 0 1473 5040">
    <p class='ocr_par' dir='ltr' id='par_1_6' title="bbox 0 0 1473 5040">
     <span class='ocr_line' id='line_1_41' title="bbox 0 0 1473 5040; baseline 0 0"><span class='ocrx_word' id='word_1_367' title='bbox 0 0 1473 5040; x_wconf 95' lang='lat' dir='ltr'> </span> 
     </span>
    </p>
   </div>
  </div>
 </body>
</html>
