2926 5040
219 343 260 404 14
731 345 821 415 Caput
839 345 859 399 I.

214 507 414 588 Chrysostomi
440 512 572 570 oratione
592 513 621 570 in
642 509 778 590 babylam
802 510 900 571 habita
920 510 1061 572 adversus
1080 509 1226 574 luhannm
1248 522 1279 575 et
1297 533 1369 594 gen-

215 614 280 674 tiles
310 609 345 698 (l.
370 616 437 677 Chr.
461 617 506 678 ed.
531 617 776 678 Montelalconius
799 611 840 700 ll)
870 636 967 696 neque
991 617 1026 677 de
1051 618 1105 678 hac
1129 622 1263 681 oratione
1287 625 1368 700 cogi-

214 722 336 782 tandum
361 741 425 783 esse
446 724 575 785 eflicitur
598 743 634 784 ex
654 725 765 785 codicis
784 724 1012 804 Rupelucaldini
1036 727 1185 804 scriptura
1204 724 1239 787 ἐκ
1257 728 1316 788 τοῦ
1337 726 1370 788 α’

213 827 292 904 πρὸε
312 824 495 892 Ἰουλιανόν.
531 831 604 891 Nam
629 835 723 892 oratio
747 831 795 891 illa
824 834 854 891 in
877 831 970 892 libros
995 850 1054 892 non
1078 840 1124 892 est
1147 833 1248 895 divisa.
1286 835 1368 916 Ergo

216 936 383 999 censendus
407 947 487 999 esset
506 938 735 1019 chrysostomus
759 940 973 1017 conscripsisse
998 957 1073 1017 opus
1092 949 1195 1001 contra
1219 940 1368 1003 lulianum

214 1044 292 1122 quod
317 1044 432 1106 duobus
457 1055 539 1107 certe
563 1045 646 1106 libris
671 1054 846 1107 constaret
867 1045 969 1124 Neque
993 1053 1091 1106 tamen
1115 1045 1145 1105 id
1164 1067 1295 1127 unquam
1316 1069 1366 1110 cx·

213 1153 325 1211 stitisse
350 1152 448 1214 credo'.
485 1153 550 1213 Non
574 1153 682 1214 haereo
706 1156 736 1213 in
760 1173 794 1213 ea
818 1171 864 1234 re,
892 1152 969 1232 quod
994 1170 1140 1230 nusquam
1165 1159 1229 1217 eius
1252 1161 1366 1219 mentio

214 1258 289 1319 facta
321 1268 379 1340 est;
409 1260 460 1320 sed
485 1279 572 1338 saepe
596 1270 646 1320 aut
673 1263 736 1339 ipse
760 1261 884 1321 loannes
908 1260 1107 1322 Damascenus
1134 1270 1185 1323 aut
1208 1262 1321 1324 librarii
1345 1267 1367 1325 ii

213 1367 264 1445 qui
287 1384 369 1425 sacra
389 1365 526 1445 parallelo
546 1366 768 1446 descripserunt
787 1376 961 1428 erraverunt
984 1371 1013 1428 in
1038 1371 1217 1447 scriptorum
1238 1349 1365 1430 nomini-

214 1473 271 1534 bus
299 1473 472 1535 indicandis.
519 1474 654 1555 Exempli
681 1477 774 1554 gratia
803 1495 829 1554 p.
856 1472 918 1536 753
947 1474 1052 1537 lustini
1080 1476 1169 1537 verba
1198 1453 1366 1537 afferuntur

213 1583 267 1641 ita:
304 1578 339 1641 ἐκ
368 1582 426 1641 τοῦ
457 1577 561 1647 αὐτοῦ
596 1580 677 1658 πρὸ(
707 1578 879 1642 Ἀντώνιον
888 1577 911 1666 ¹)
946 1579 1180 1665 αὐτοκράτορας
1215 1583 1366 1644 antecedit

214 1696 312 1748 autem
340 1687 500 1749 Clementis
529 1689 718 1749 Alexandrini
750 1689 833 1749 locus
862 1708 897 1749 ex
929 1688 1004 1749 libro
1029 1688 1087 1750 Vll.
1112 1698 1213 1751 strom.
1250 1690 1365 1751 Eodem

214 1794 300 1854 modo
324 1813 388 1874 pag.
414 1792 477 1855 752
500 1795 646 1858 Philonis:
679 1798 737 1858 τοῦ
761 1794 861 1858 αὐτοῦ
889 1794 924 1857 ἐκ
947 1797 1005 1856 τοῦ
1028 1793 1214 1857 τελευταίου
1238 1797 1305 1857 τῶν
1329 1795 1366 1859 ἐν

214 1897 316 1981 ἐξόδῳ
335 1897 531 1977 Ζητημάτων.
563 1903 797 1964 Praemittnntur
817 1910 914 1963 autem
928 1898 1102 1978 Εἰρηναῖου
1123 1901 1158 1964 ἐκ
1176 1905 1234 1964 τοῦ
1253 1899 1365 1979 τετάρ-

213 2025 270 2068 του
286 2006 422 2084 ἐλέγχου
442 2006 492 2068 καὶ
511 2003 694 2085 ἀνατροπὴ(
714 2011 769 2085 τῆ(
789 2006 1004 2084 ψευδωνύμου
1023 2006 1180 2081 γνώεεωε.
1214 2009 1366 2070 Facillime

212 2115 303 2192 igitur
323 2117 412 2175 etiam
430 2113 639 2193 Chrysostomo
663 2115 755 2176 tribui
775 2123 910 2194 poterant
930 2133 1005 2193 quae
1024 2117 1143 2175 minime
1169 2116 1204 2176 ab
1224 2135 1259 2176 eo
1279 2125 1367 2176 erant

212 2222 353 2299 prolecta.
392 2222 476 2293 Quod
505 2231 603 2283 autem
631 2225 661 2282 in
690 2223 807 2283 loannis
830 2222 1003 2282 Damasceni
1026 2221 1102 2281 libro
1125 2221 1272 2301 permulta
1296 2226 1366 2284 alle-

212 2336 320 2388 runtur
339 2329 403 2389 loca
422 2348 457 2389 ex
477 2316 578 2410 Cyrilli
592 2329 781 2389 Alexandrini
802 2336 905 2389 eontra
924 2328 1070 2389 lulianum
1088 2327 1173 2388 lihris
1190 2329 1367 2409 deprompta

212 2453 309 2512 neque
329 2436 452 2496 alterius
476 2436 544 2496 libri
568 2438 678 2496 mentio
698 2436 730 2495 fit
753 2443 856 2495 contra
875 2435 1022 2496 lulianum
1041 2436 1154 2515 scripti,
1177 2435 1277 2515 Cyrilli
1297 2457 1366 2498 esse

213 2560 246 2601 ea
266 2562 383 2622 censeo,
403 2562 478 2623 quae
494 2542 697 2622 Chrysostomi
717 2560 782 2601 esse
802 2560 886 2620 nego.
924 2542 965 2602 De
987 2539 1094 2620 quihus
1113 2542 1190 2601 inira
1205 2543 1365 2623 disputabo

211 2648 305 2730 plura,
327 2649 380 2711 uhi
403 2651 439 2710 de
464 2648 572 2729 Cyrillo
595 2649 684 2709 verba
709 2649 812 2708 laciam
836 2656 866 2708 et
891 2649 926 2709 de
953 2649 1046 2709 altero
1069 2647 1175 2708 Iuliani
1197 2649 1281 2710 libro.

300 2756 499 2836 Apollinarem
527 2756 712 2817 ostendimus
740 2757 929 2834 impugnasse
957 2755 1102 2816 lulianum
1135 2774 1231 2834 neque
1263 2764 1366 2818 tamen

213 2863 276 2922 eius
296 2860 401 2942 libros3
424 2857 627 2923 Macerium
645 2858 854 2940 Magnetem
877 2880 936 2922 non
955 2862 1122 2940 negandum
1141 2869 1187 2922 est
1207 2864 1365 2941 scripsisse

144 2986 146 2988 ·
212 2977 314 3028 eontra
333 2968 425 3029 libros
445 2968 627 3030 Christianae
646 2969 783 3048 religioni
801 2969 934 3048 infestos,
958 2986 1054 3047 neque
1073 2976 1172 3029 tamen
1192 2987 1243 3029 eos
1266 2970 1362 3030 fuisse

212 3075 316 3135 loliani
335 3078 392 3135 erit
411 3076 498 3136 nobis
517 3076 789 3137 demonstrandum.
826 3077 911 3135 Anno
931 3083 1029 3135 autem
1052 3072 1134 3135 1867
1158 3084 1296 3154 repertus
1316 3086 1365 3136 est

211 3181 334 3242 Athenis
358 3183 450 3243 codex
469 3181 588 3242 Macarii
611 3181 767 3262 Magnetis,
793 3184 845 3260 qui
868 3181 1016 3261 quondam
1040 3183 1154 3241 exstitit
1176 3181 1307 3243 Venetiis
1331 3185 1365 3243 in

211 3287 388 3366 bibliotheca
415 3289 570 3349 Marciana.
616 3287 752 3349 Eundem
783 3289 861 3347 enim
894 3306 959 3347 esse
990 3286 1122 3347 codicem
1151 3288 1365 3350 Atheniensem

211 3403 299 3475 atque
323 3396 504 3457 Marcianum
533 3403 614 3455 recte
644 3395 833 3455 contendisse
861 3394 979 3454 videtur
1009 3395 1039 3452 in
1064 3393 1271 3455 dissertatione
1300 3414 1365 3477 sua,

211 3521 286 3582 quae
314 3512 360 3564 est
390 3503 426 3564 de
456 3503 582 3563 Macario
610 3502 745 3582 Magnete
775 3511 805 3563 et
833 3503 953 3580 scriptis
983 3502 1047 3561 eius
1075 3500 1196 3561 Parisiis
1224 3521 1249 3562 a.
1275 3499 1362 3564 1877

210 3609 320 3693 publici
340 3612 415 3671 iuris
434 3612 509 3670 lacta
529 3629 556 3689 p.
577 3606 607 3669 4.
644 3607 676 3669 L.
695 3608 861 3689 lluchesne‚
881 3609 966 3668 ouius
986 3609 1132 3667 sententia
1156 3626 1231 3668 novo
1250 3609 1365 3670 firmari

210 3725 309 3797 potest
332 3724 516 3796 argumento.
552 3716 606 3776 Est
629 3718 708 3777 enim
733 3715 825 3776 codex
845 3715 1034 3775 Atheniensis
1054 3709 1239 3775 ‘chartaceus
1263 3717 1293 3774 in
1317 3709 1364 3795 4⁰,

211 3824 259 3885 iol.
278 3820 348 3906 125,
368 3842 444 3884 saec.
460 3822 528 3904 XV„
547 3802 631 3883 initio
652 3831 682 3883 et
700 3823 758 3883 line
774 3816 917 3884 mutilus’.
950 3821 1135 3881 Describitur
1150 3829 1249 3880 antem
1268 3819 1363 3881 codex

210 3930 377 3992 Marcianus
400 3932 431 3990 in
455 3932 590 3992 codicum
618 3929 714 3990 indice
738 3947 827 3989 manu
852 3930 977 4009 scripto,
1008 3946 1096 4006 quem
1124 3934 1159 3987 ut
1181 3929 1363 4005 inspicerem

209 4037 340 4098 Venetiis
377 4039 487 4099 factum
521 4045 567 4099 est
599 4037 708 4115 insigni
741 4035 859 4096 loannis
887 4033 998 4095 Veludo
1029 4035 1172 4114 praelecti
1204 4033 1362 4094 bibliothe-

96 4208 99 4213 ,
210 4163 261 4205 cae
301 4145 337 4205 ad
377 4144 441 4205 Divi
479 4144 570 4204 Marci
607 4142 797 4203 Venetiarum
836 4141 994 4202 voluntate.
1049 4138 1225 4200 Inscribitur
1262 4147 1363 4201 autem

211 4251 360 4330 catalogus
383 4253 437 4312 ita:
469 4250 579 4333 „Index
603 4249 749 4310 librorum
772 4248 1012 4309 reverendissimi
1031 4247 1180 4328 quondam
1199 4245 1363 4307 Cardinalis

284 4479 309 4544 1)
329 4475 424 4528 Scribe
445 4477 621 4529 Ἀντωνῖνον.
