2926 5040
202 345 244 408 72
708 342 801 412 Capul
819 341 839 394 l.

201 509 317 595 (Matth.
344 509 381 571 11
390 560 398 592 ,
420 508 468 571 19.
501 510 571 570 Luc.
593 508 627 592 7,
642 502 709 592 34).
748 510 872 569 loannes
896 510 974 568 enim
999 508 1096 568 divina
1119 508 1261 590 loquens,
1287 527 1360 569 cum

201 624 231 680 in
256 620 383 680 desertis
407 617 543 698 degeret,
566 617 696 678 locustas
720 616 824 677 edebat
848 625 878 676 et
901 616 959 676 mel
982 615 1118 677 silvestre
1138 609 1255 699 (blattb.
1276 613 1360 697 3,4.

202 727 290 787 blare.
309 723 336 807 1,
351 720 398 808 6),
427 724 563 784 Christus
586 730 685 784 autem
713 721 887 783 naturaliter
911 731 941 782 et
968 724 1137 783 necessario
1164 721 1257 784 nullis
1281 722 1361 784 cibis

202 832 376 895 abstinebat.
418 833 542 892 loannes
566 834 644 907 enim
668 830 766 891 divina
789 829 914 908 loquens
943 829 1093 909 indigebat
1115 847 1240 910 operum
1265 829 1360 891 absti·
1387 870 1390 875 -

202 943 330 1022 nentiae,
349 940 437 1020 qued,
456 956 524 999 cum
544 947 673 998 mentem
688 937 835 998 carnalem
855 936 1021 998 abscideret
1036 945 1067 997 et
1085 936 1253 1018 voluptates
1272 941 1358 1019 cupi-

203 1047 281 1109 dinis
309 1047 514 1127 mortificaret,
542 1048 632 1105 etiam
660 1044 734 1105 cibis
763 1044 912 1105 abstinere
940 1046 997 1124 ipsi
1026 1043 1212 1106 commodum
1236 1053 1304 1107 erat
1329 1055 1362 1107 et

203 1154 313 1215 bonum
343 1162 373 1213 et
401 1153 472 1214 utile
502 1153 537 1212 ad
566 1161 696 1212 sanctam
724 1154 827 1212 vitam:
865 1150 997 1211 Salvator
1024 1160 1123 1212 autem
1151 1159 1181 1212 et
1209 1152 1362 1214 Dominus

203 1263 334 1322 universi
359 1259 467 1339 quibus
495 1259 644 1338 indigebat
667 1258 823 1339 operibus,
851 1277 919 1319 cum
943 1266 1048 1320 natura
1072 1267 1193 1321 sanetus
1220 1268 1305 1321 esset
1330 1270 1363 1321 et

203 1368 402 1429 sanctificator
432 1367 563 1427 universi
596 1383 693 1443 neque
721 1372 877 1444 peceatum
910 1361 1124 1444 cognosceret?
1168 1365 1220 1425 Sin
1256 1374 1362 1428 autem

203 1478 266 1554 ipse
283 1492 401 1552 quoque
421 1472 495 1533 cibis
515 1472 716 1552 abstinuisset,
736 1490 873 1551 magnum
891 1471 1059 1551 periculum
1078 1472 1143 1553 fuit,
1162 1491 1198 1532 ne
1217 1472 1363 1535 homiues

204 1582 240 1642 de
264 1600 299 1640 eo
330 1583 524 1659 opinarentur
552 1599 589 1639 ne
618 1581 715 1659 ipsum
744 1579 863 1657 quidem
891 1580 932 1638 ita
956 1579 1097 1638 maiorem
1125 1579 1216 1640 fuisse
1246 1581 1364 1643 talibus

204 1687 295 1748 rebus
319 1689 403 1766 quasi
426 1689 551 1766 impuris
576 1694 606 1746 et
633 1685 872 1766 inquinantibus,
900 1693 933 1745 ut
957 1704 991 1745 ea
1020 1693 1167 1768 tangeret,
1190 1685 1238 1748 vel
1257 1690 1364 1768 ipsum

205 1813 324 1874 quoque
353 1796 431 1854 sicut
459 1812 513 1853 nos
541 1811 665 1872 operum
689 1792 883 1854 abstinentiae
915 1791 1092 1873 indiguisse,
1119 1800 1153 1853 ut
1180 1794 1365 1881 voluptates,

205 1902 281 1982 dice,
305 1904 402 1963 carnis
431 1920 501 1961 suae
527 1902 694 1961 necessario
721 1900 807 1960 modo
836 1899 970 1960 inhibere
994 1907 1108 1981 posset3
1136 1901 1187 1962 sed
1215 1902 1294 1965 baec
1319 1899 1365 1986 (ei

205 2002 386 2091 necessaria)
410 2026 469 2067 non
493 2015 586 2067 erant.

294 2116 356 2176 lloc
380 2115 445 2176 loco
469 2114 640 2194 ponendum
660 2133 725 2175 esse
749 2114 820 2175 duri
842 2116 1041 2194 fragmentum
1060 2113 1112 2197 20,
1135 2115 1214 2194 quod
1236 2116 1273 2178 de
1294 2137 1365 2179 era-

207 2229 296 2306 tione,
316 2242 404 2303 quam
423 2223 560 2283 Christus
579 2224 610 2282 in
630 2231 729 2282 monte
754 2221 865 2303 babuit,
888 2225 934 2301 agi
954 2223 1071 2284 videtur
1090 2224 1265 2302 fragmentis
1289 2224 1366 2289 libri

205 2332 263 2392 XV.
288 2333 428 2391 vicesimo
451 2332 547 2409 primo
572 2347 649 2410 sqq,
678 2348 774 2408 neque
799 2331 897 2390 minus
925 2329 1088 2412 nonnulliS,
1117 2348 1192 2409 quae
1217 2350 1255 2391 ex
1281 2332 1366 2395 libro

206 2438 277 2498 xvi.
298 2438 471 2517 deprompta
490 2446 569 2498 sunt.
604 2435 706 2514 Neque
724 2438 803 2496 enim
822 2436 895 2497 haec
914 2438 1078 2516 fragmenta
1097 2436 1269 2517 disiungere
1289 2439 1367 2505 licet

205 2545 383 2623 interposito
407 2542 516 2603 diversi
540 2545 707 2622 argumenti
729 2542 803 2604 loco.

752 2701 804 2764 21.

295 2811 340 2871 Ex
363 2811 462 2872 loanu.
487 2810 616 2871 Damaso.
640 2830 667 2890 p.
683 2808 757 2872 479.
845 2802 848 2811 ’

295 2916 340 2980 Τὸ
363 2920 420 2993 nic
438 2916 651 2994 ἑλεημοεύνηε
671 2921 775 2995 χρῆμα
794 2919 955 2996 διαεμήχει
974 2916 1135 2997 ἁμαρτίας,
1158 2928 1367 3001 κατακαυχᾶ-

206 3045 257 3087 ται
280 3022 423 3101 κρίεεωε,
446 3023 559 3100 ἡμεροῑ
581 3024 639 3100 τὴν
662 3027 717 3101 τῆς
741 3022 901 3087 κολάεεωε
924 3023 1043 3104 φλόγα,
1067 3029 1207 3091 δυεωπεί
1229 3028 1292 3095 τὸν
1318 3035 1365 3096 δι-

206 3129 356 3208 κάζοντα,
381 3131 504 3207 μᾶλλον
528 3130 563 3191 δὲ
587 3128 736 3193 ευνὰπτει
760 3134 837 3213 θεῷ,
866 3135 934 3195 τοίε
957 3134 1024 3195 τῶν
1047 3130 1147 3208 ἁγίων
1171 3139 1285 3213 χοροῑε
1311 3139 1365 3203 ἐν-

207 3236 352 3316 αρίθμιον
381 3235 602 3314 ἀπεργάζεται.
652 3236 811 3316 ἀποφέρει
840 3239 875 3301 δὲ
907 3239 959 3303 καὶ
992 3238 1036 3302 εἰ(
1068 3242 1126 3318 τὴν
1155 3237 1224 3303 ἀνω
1253 3242 1366 3326 πόλιν,

209 3344 367 3424 βαειλείαν
391 3343 541 3421 οὐρανῶν
564 3349 722 3423 προξενεῖ,
747 3344 845 3410 δόξαν
868 3344 1062 3426 ἀμάραντον,
1086 3346 1200 3412 ἐλπίδα
1226 3351 1365 3429 βεβαίαν

207 3452 258 3514 καί
281 3447 541 3535 conpertumque)
579 3451 630 3514 καὶ
652 3451 681 3513 τί
700 3451 761 3530 γὰρ
781 3453 906 3517 τούτων
929 3451 1034 3537 otgit)
1057 3457 1123 3518 τῶν
1144 3456 1366 3524 τελειούντων

208 3559 253 3622 cic
276 3557 454 3636 ἀκλόνητον
478 3557 641 3636 εὐθυμίαν;

297 3667 330 3726 Ια
359 3669 491 3745 margine
514 3675 610 3729 exstat
634 3650 797 3744 Κυρίλλου.
836 3668 934 3730 Codex
958 3668 1211 3750 Rupefucaldinus
1239 3675 1369 3738 exbibet

207 3776 265 3835 τοῦ
289 3769 382 3846 ἁγίου
403 3770 566 3849 Κνρίλλου,
590 3772 626 3835 ἐκ
648 3776 706 3836 τοῦ
725 3768 750 3836 ε’
775 3772 875 3849 λόγου
895 3777 961 3837 τῶν
979 3774 1059 3839 κατὰ
1077 3773 1261 3843 Ἰουλιανοῦ.
1303 3784 1367 3846 lam

209 3899 279 3941 vero
303 3880 376 3941 baec
400 3880 489 3941 verba
512 3884 543 3941 ln
568 3885 671 3961 quinto
692 3882 793 3962 Cyrilli
816 3883 891 3943 libre
916 3884 1026 3945 frustra
1051 3894 1237 3964 quaeruntur
1261 3908 1367 3971 neque

208 3996 372 4048 occurrunt
400 3989 430 4046 in
454 3987 577 4067 reliquis
605 3988 689 4049 libris
712 3992 824 4069 primae
849 3990 975 4051 decadis.
1012 3991 1091 4072 Ergo
1120 3994 1301 4075 deprompta
1331 4018 1368 4059 ea

210 4113 274 4154 esse
298 4113 406 4155 censeo
430 4113 465 4154 ex
494 4094 570 4154 libro
595 4088 642 4169 ιγ’.
684 4096 764 4157 ldem
788 4104 887 4157 autem
916 4099 1113 4178 fragmentum
1137 4103 1225 4161 etiam
1248 4121 1281 4182 p.
1298 4102 1366 4168 778

209 4202 358 4262 invenitur
382 4221 479 4281 neque
504 4204 602 4263 minus
622 4222 657 4262 eo
680 4203 745 4263 loco
765 4206 792 4264 oi
814 4207 1047 4283 praemittuntur
1070 4207 1159 4268 verba
1181 4209 1241 4270 τοῦ
1266 4206 1367 4285 ἁγίου

282 4375 308 4442 1)
326 4372 450 4442 bequien
468 4377 656 4442 ἐρηρειμένην.

281 4464 308 4530 2)
328 4462 431 4531 Scripsi
450 4466 494 4517 καί
512 4463 540 4518 τί
557 4465 624 4532 γὰρ;
644 4462 706 4531 odil
725 4465 857 4532 bequien.
