2926 5040
468 284 509 338 De
529 284 630 338 loliani
648 283 782 337 librorum
801 283 875 337 fatis.
1207 283 1247 346 79

97 461 175 534 tate3
194 453 262 532 qnia
277 461 307 512 et
324 453 561 530 uniuscuiusque
576 459 622 511 est
639 458 769 530 pateret
788 458 876 530 caput
894 458 924 510 et
938 452 1054 529 genitor
1073 452 1104 510 in
1119 469 1153 510 eo
1169 451 1248 530 quod

100 568 218 622 creator
242 561 447 640 cognoscitur,
475 568 504 619 et
532 560 558 619 is
581 560 633 637 qui
656 557 741 618 nobis
765 557 814 617 dat
842 559 931 617 vitam
955 566 984 617 et
1007 556 1088 618 addit
1116 557 1247 618 adhaec
1329 544 1332 551 ’

97 669 188 729 etiam
219 684 301 747 spem
328 665 405 727 bene
434 665 559 726 vivendi.
602 665 724 746 Separat
751 667 843 744 igitur
871 684 936 746 eos,
968 666 1020 744 qui
1047 663 1093 724 vel
1121 645 1249 744 prohimi

97 782 178 856 sunt,
197 792 279 835 amor
293 792 363 853 erga
381 773 484 854 deum,
504 774 530 832 si
548 772 578 833 hi
592 771 695 832 volunt
714 791 762 832 res
782 774 876 852 ipsius
891 774 1031 853 cogitare,
1046 770 1088 832 illi
1107 771 1247 833 recedere

97 880 135 941 ab
154 883 190 942 iis
210 899 284 961 quae
305 880 388 942 utilia
408 889 478 940 sunt
497 889 527 941 et
546 879 627 940 abire
646 882 677 940 in
696 879 810 939 foveam
829 881 1012 959 perditionis,
1046 878 1148 958 Neque
1168 882 1248 940 enim

98 989 185 1050 decet
208 990 356 1070 sapientes
376 987 536 1048 adhaerere
561 986 697 1067 indoctis,
722 987 773 1047 sed
797 1005 937 1066 perversa
961 995 1092 1047 amantes
1115 986 1173 1047 illis
1197 988 1247 1065 qui

98 1114 133 1156 ea
162 1114 236 1174 quae
264 1098 366 1156 iurant
393 1097 523 1174 cogitare
552 1096 664 1154 assueti
696 1103 774 1155 sunt.
822 1094 854 1154 Si
884 1101 983 1154 autem
1014 1093 1098 1155 iubet
1128 1093 1248 1172 quidem

99 1201 235 1263 Christus
259 1210 361 1263 tenere
384 1204 415 1261 in
440 1203 586 1280 aequitate
611 1202 738 1261 animam
761 1219 812 1260 eos
836 1202 888 1279 qui
911 1218 964 1260 sua
983 1203 1112 1280 cogitare
1136 1199 1247 1282 volunt,

98 1318 130 1369 et
153 1311 178 1369 si
200 1308 336 1368 nonnulli
357 1316 461 1388 postea
484 1325 542 1367 non
567 1310 688 1367 omnino
707 1310 786 1368 cauti
809 1317 880 1369 sunt
902 1306 956 1366 hac
980 1310 1010 1368 in
1033 1326 1066 1367 re
1087 1315 1115 1367 et
1138 1310 1168 1368 in
1192 1307 1246 1368 hu·

98 1433 215 1475 manam
238 1414 372 1475 incidunt
394 1414 675 1495 pusillanimitatem,
698 1415 768 1492 quid
792 1415 848 1474 hoc
868 1415 1014 1476 obtrectat
1037 1405 1152 1494 legibus
1175 1415 1246 1476 divi-

95 1524 144 1583 nis
163 1530 213 1582 aut
237 1524 385 1582 imminuit
404 1520 526 1601 gloriam
550 1517 750 1600 legislatoris?
781 1522 810 1581 ls
834 1523 1005 1583 enim·tulit
1028 1522 1137 1604 legem,
1161 1525 1247 1584 curius

95 1629 242 1708 perfectio
266 1628 347 1689 utilis
371 1637 430 1710 est,
460 1632 510 1707 qui
534 1638 634 1691 autem
658 1639 789 1709 cessant,
812 1628 863 1689 ubi
886 1628 1066 1709 perficienda
1091 1638 1167 1711 erat,
1191 1628 1246 1690 sub

96 1738 344 1816 vituperationem
363 1746 393 1798 et
411 1739 524 1797 crimen
544 1745 622 1818 sunt,
641 1737 758 1797 etiamsi
776 1736 1008 1815 pusillanimitati
1031 1736 1176 1797 humanae
1195 1737 1245 1798 ob·

96 1845 178 1902 noxii
202 1851 280 1924 sunt,
303 1852 334 1904 et
356 1862 394 1903 ne
409 1840 506 1905 'unum
526 1843 646 1923 quidem
665 1842 788 1903 verbum
811 1845 995 1903 remissionis
1014 1846 1176 1906 inveniunt.
1215 1845 1247 1905 Si

96 1958 197 2009 autem
215 1959 246 2010 et
264 1950 398 2012 nonnulli
416 1951 561 2012 recedunt
580 1970 595 2011 a
614 1953 737 2010 veritate
758 1959 788 2011 et
811 1946 927 2011 vincula
945 1953 1026 2030 pacis
1050 1951 1199 2013 dissecant
1218 1963 1247 2012 et

86 2056 282 2131 ‚descendunt
301 2067 331 2119 et
345 2056 454 2118 abeunt
470 2057 520 2118 ubi
539 2076 597 2117 non
613 2057 699 2139 bene,
717 2077 755 2118 ne
770 2056 968 2136 legislatorem
983 2058 1248 2140 reprehendamus,

96 2165 188 2226 immo
216 2164 282 2226 illos
310 2168 404 2247 ipsos,
440 2168 465 2225 si
497 2164 559 2226 vult
586 2165 737 2225 hominem
765 2167 928 2245 sapientem
962 2183 1028 2224 esse
1056 2174 1086 2226 et
1117 2167 1245 2226 iudicem

95 2271 314 2351 praestabilem.
351 2271 424 2333 Esse
444 2282 544 2333 autem
562 2272 701 2351 pacificos
720 2275 750 2332 in
771 2271 963 2333 similitudine
983 2270 1107 2355 Christi,
1134 2291 1247 2354 omnes,

98 2377 208 2458 quibus
231 2378 267 2440 ab
291 2398 326 2440 eo
349 2381 486 2461 imposita
508 2387 571 2440 erat
594 2397 712 2460 manus,
736 2379 876 2440 diaconos
898 2378 1150 2458 praedicationum
1175 2380 1247 2440 divi-

97 2504 219 2568 narum,
242 2486 440 2566 pulcherrime
465 2486 596 2548 ostendit
619 2486 728 2548 Paulus
757 2487 854 2547 divina
877 2487 1016 2567 loquens,
1044 2486 1115 2546 dum
1143 2486 1247 2548 scribit

97 2585 139 2674 (ll
158 2592 224 2655 Cor.
239 2590 269 2676 5,
284 2591 357 2678 20):
385 2589 459 2656 ‘Pro
484 2593 601 2655 Christo
631 2613 701 2673 ergo
730 2594 876 2673 legatione
904 2593 1069 2673 fungimur,
1098 2603 1245 2673 tamquam

100 2699 156 2761 deo
180 2700 353 2762 exhortante
382 2720 436 2782 per
459 2719 528 2783 nos;
556 2700 748 2762 obsecramus
775 2720 830 2781 pro
854 2700 986 2761 Christo:
1015 2700 1246 2761 reconciliamini

98 2803 176 2868 deo?
208 2807 445 2869 Reconciliamur
464 2817 563 2869 autem
580 2808 635 2869 deo
656 2808 894 2869 adhaerescendo
918 2807 1033 2886 legibus
1053 2810 1117 2869 eius
1141 2808 1246 2868 divinis

96 2922 128 2974 et
144 2913 331 2975 adhaerendo
345 2934 399 2994 per
418 2916 689 2996 sanctificationem,
709 2915 872 2996 abiciendo,
891 2922 925 2974 ut
943 2932 1022 2974 nunc
1037 2914 1106 2996 dixi,
1124 2925 1246 2994 peccato

96 3021 177 3100 quod
201 3022 271 3083 iacit
293 3024 527 3103 perversitatem.
562 3021 753 3082 Vocabuntur
777 3030 876 3082 autem
899 3020 951 3081 filii
970 3020 1017 3080 dei
1041 3023 1206 3081 rectissime
1226 3023 1246 3081 ii

95 3131 150 3206 qui
172 3127 322 3190 adducunt
340 3131 368 3189 ei
391 3147 455 3211 eos,
479 3131 531 3208 qui
549 3132 656 3189 remoti
675 3139 759 3191 erant
779 3148 906 3208 eumque
925 3127 1099 3206 ignorabant
1119 3137 1148 3189 et
1167 3128 1247 3207 quod

94 3238 124 3296 ei
148 3233 245 3314 placet
267 3253 365 3314 neque
389 3237 519 3314 cogitare
543 3254 641 3314 neque
664 3237 762 3297 iacere
786 3234 931 3295 volebant.

644 3429 695 3493 34.

187 3553 337 3617 Christum
356 3557 445 3616 etiam
464 3558 500 3615 iis
520 3558 571 3634 qui
589 3559 755 3617 incarcere
771 3566 855 3618 erant
873 3558 1068 3637 praedicasse.
1101 3558 1130 3618 S.
1145 3557 1245 3638 Cyrilli

92 3682 132 3724 ex
157 3661 233 3723 libro
256 3660 328 3722 XVI,
352 3660 494 3723 adversus
517 3661 670 3724 lulianum.

188 3766 261 3830 Cum
284 3768 362 3845 lilius
385 3768 513 3829 hominis
532 3778 612 3830 esset
635 3770 758 3831 verbum
777 3772 962 3851 unigenitum
982 3771 1036 3833 bei
1060 3782 1089 3834 et
1112 3776 1141 3833 in
1166 3782 1245 3834 terra

90 3881 126 3959 ip
147 3877 242 3955 iorma
260 3884 362 3938 nostra
381 3887 547 3961 appareret,
571 3896 630 3938 non
648 3880 685 3939 iis
705 3887 829 3959 tantum,
853 3881 904 3958 qui
923 3887 987 3940 tum
1006 3882 1149 3958 temporis
1168 3882 1245 3939 vixe-

91 3992 183 4065 runt,
214 3984 391 4047 condonavit
416 3986 623 4047 remissionem
650 3994 854 4066 peccatorum,
886 3986 937 4046 sed
967 4005 1065 4047 amore
1094 3986 1247 4066 praeditus
1301 3975 1304 3982 ’
1337 3973 1347 3994 χ

91 4091 217 4172 generis
235 4090 356 4177 humani
374 4093 528 4173 immenso,
552 4092 676 4152 eandem
699 4096 823 4170 gratiam
842 4096 931 4176 etiam
955 4092 1110 4173 spiritibus
1133 4095 1163 4153 in
1183 4111 1246 4152 car-

91 4216 166 4260 cere
186 4196 313 4258 donavit.
345 4197 529 4259 Praedicarit
547 4201 626 4259 enim
645 4202 733 4260 etiam
752 4200 809 4260 illis
824 4209 854 4261 et
868 4203 985 4280 aperuit
1002 4207 1103 4279 portas
1118 4200 1247 4259 carceris

91 4305 157 4367 illis
180 4306 232 4384 qui
255 4312 340 4365 erant
362 4306 394 4364 in
418 4304 559 4366 tenebris.
596 4305 668 4367 Erat
691 4309 771 4367 enim
795 4307 930 4368 Christus
954 4307 1092 4367 dominus
1115 4315 1145 4366 et
1168 4325 1245 4366 mor-

91 4423 219 4475 tuorum
238 4419 269 4473 et
287 4413 449 4483 viventium
468 4420 498 4472 et
517 4410 637 4474 salvavit
655 4394 815 4493 perfidem
834 4414 888 4474 hos
908 4423 938 4474 et
960 4413 1034 4475 illos.
1070 4412 1135 4484 Quo
1155 4415 1246 4492 igitur
