2926 5040
503 331 543 384 De
562 329 664 385 Iuliani
682 330 817 386 librorum
835 331 909 386 faiis.
1264 332 1284 394 5

133 498 222 557 verba
237 497 304 558 hist.
320 497 391 558 eccl.
405 497 429 554 V
444 495 486 558 22
506 493 574 576 (vol.
594 497 629 557 ll.
645 517 672 576 p.
688 495 752 558 633
772 491 901 581 Husscy)
920 497 1006 558 haec:
1030 492 1081 560 Ἐν
1099 502 1136 579 τῇ
1153 496 1232 580 αὐτῇ
1248 497 1283 560 δὲ

134 601 355 685 Ἀλεξανδρείᾳ
366 601 565 679 ἀναγνῶεται
576 602 626 666 καὶ
636 602 809 682 ὑποβαλεῖν
819 601 1000 682 ἀδιάφορον
1011 600 1074 667 εἴτε
1090 604 1283 681 κατηχούμε-

133 709 184 774 νοί
196 709 272 774 εἰςιν
283 709 346 774 εἴτε
362 710 472 788 πιετοί,
487 713 554 774 τῶν
568 715 735 789 πανταχοῦ
746 711 918 788 ἐκκληαῶν
929 711 1057 774 πιετοὺ(
1072 709 1117 774 etc
1127 711 1165 774 τὸ
1179 709 1284 789 τάγμα

132 821 229 880 τοῦτο
249 818 532 896 προβαλλομένων.
565 819 637 879 Nam
657 818 803 880 lulianum
822 837 905 879 sacra
924 821 1034 897 scripta
1053 838 1153 880 coram
1172 819 1282 899 populo

132 929 274 987 recitasse
298 928 378 988 inter
401 945 503 986 omnes
528 934 656 1006 constat;
680 926 716 986 cf.
740 924 861 1004 Gregor.
880 925 947 985 Naz.
967 944 1009 985 or.
1028 924 1073 986 IV.
1093 945 1120 1004 p,
1142 923 1217 1010 88Α
1237 926 1282 986 cd.

133 1033 258 1094 Bened.:
282 1031 335 1112 Τῷ
354 1031 412 1108 μέν
435 1051 471 1107 γε
496 1032 602 1112 κλήρῳ
627 1031 784 1109 φέροντες
803 1029 937 1093 {corone
957 1030 1177 1108 ἐγκατέλεξαν,
1201 1029 1281 1093 dicre

131 1139 182 1201 καὶ
211 1137 267 1200 τὰ(
297 1135 383 1201 θεία(
414 1136 687 1218 ὑπαναγινώεκειν
715 1141 761 1219 τῷ
793 1140 861 1219 λαῷ
886 1136 1026 1220 βίβλουε;
1055 1158 1151 1218 neque
1183 1141 1281 1199 minus

131 1255 235 1307 notum
252 1254 370 1307 estnon
386 1246 578 1307 Alexandriae
593 1265 661 1307 eum
677 1249 827 1307 recitasse.
855 1246 958 1326 Neque
973 1249 1064 1325 igitur
1078 1249 1136 1306 iam
1151 1245 1281 1306 dubitari

131 1362 231 1434 potest
266 1354 301 1414 de
340 1353 487 1433 baptismo
516 1353 628 1414 Iuliani.
676 1352 734 1423 Qui
762 1372 828 1413 cum
862 1362 964 1432 postca
997 1353 1032 1413 ad
1065 1353 1280 1433 philosophiam

130 1461 311 1521 Platonicam
329 1462 484 1521 institutus
503 1467 634 1520 veterem
654 1460 827 1539 religionem
847 1460 998 1539 amplexus
1013 1467 1101 1540 essct,
1120 1460 1190 1521 dum
1211 1462 1281 1521 vivit

130 1568 331 1648 Constantius,
351 1567 455 1627 celavit
469 1569 558 1628 animi
573 1570 842 1628 commutationem.
871 1567 930 1628 Sed
945 1567 996 1628 nbi
1010 1568 1139 1646 primum
1155 1586 1280 1647 regnum

130 1677 297 1756 occupavit,
326 1677 467 1735 continuo
496 1674 561 1736 orbi
590 1684 737 1734 terrarum
767 1675 905 1754 patefecit
928 1674 1085 1752 reliquisse
1113 1694 1144 1735 se
1176 1693 1280 1735 novam

129 1781 327 1843 Galilaeorum
355 1790 474 1842 sectam.
517 1783 602 1854 Quod
634 1784 659 1843 si
683 1781 906 1842 consideramus
935 1800 1050 1842 summo
1079 1801 1146 1843 cum
1181 1782 1279 1842 studio

129 1909 161 1950 se
186 1889 302 1950 dedisse
326 1888 542 1969 philosophiae,
569 1892 629 1949 iam
652 1898 737 1949 antea
760 1888 944 1949 orationibus
969 1889 1134 1949 scribendis
1158 1897 1279 1968 operam

129 2015 261 2077 navasse,
286 2015 344 2057 non
368 1999 408 2056 ita
428 1997 520 2056 fuisse
544 1996 580 2055 ab
604 1999 685 2056 omni
709 1997 906 2056 ostentatione
929 1995 1065 2077 liberum,
1089 2003 1123 2056 ut
1146 2015 1206 2056 non
1229 2015 1279 2056 ne·

128 2106 300 2164 cessitatem
323 2103 379 2163 sibi
404 2106 566 2164 iniunctam
590 2123 656 2164 csse
680 2110 817 2163 censeret
841 2105 957 2162 cunctis
980 2102 1150 2163 hominibus
1175 2121 1278 2163 causas

129 2210 309 2291 exponendi,
338 2210 446 2290 quibus
477 2219 630 2290 permotus
663 2209 763 2270 relicta
800 2209 1035 2269 Christianorum
1067 2209 1210 2288 religione
1243 2210 1278 2270 ad

128 2319 273 2377 maiorum
283 2336 365 2377 sacra
376 2320 561 2378 revertisset:
571 2315 714 2396 peculiari
723 2335 790 2376 enm
799 2335 888 2395 opere
900 2335 986 2376 nemo
998 2317 1153 2377 mirabitur
1161 2337 1278 2397 aggres-

128 2443 195 2484 sum
220 2443 286 2485 csse
306 2425 503 2505 Christianos,
522 2424 646 2484 deorum
666 2422 796 2484 cultores
815 2423 996 2505 defendisse,
1014 2427 1191 2503 praesertim
1210 2445 1277 2486 cnm

129 2541 264 2610 speraret
283 2535 346 2592 sine
368 2531 458 2592 dubio
477 2549 564 2610 posse
584 2550 615 2591 se
635 2533 661 2590 si
681 2548 740 2589 non
759 2548 861 2590 ornnes
881 2540 910 2590 at
930 2540 1010 2591 certe
1030 2531 1139 2591 multos
1158 2551 1174 2590 a
1193 2532 1278 2593 foeda

126 2641 339 2717 superstitione
378 2656 524 2697 revocare.
576 2637 671 2715 Atque
700 2644 801 2715 aperte
830 2636 902 2697 dicit
933 2639 964 2696 in
995 2637 1121 2715 epistula
1149 2636 1277 2697 LXXIX.

127 2745 219 2804 Hertl.
239 2763 267 2823 p.
283 2741 412 2825 bdbsq,
436 2762 523 2823 quam
547 2747 577 2804 in
601 2743 738 2805 Latinum
761 2762 930 2803 sermonem
954 2762 1126 2804 conversam
1152 2748 1277 2806 servavit

127 2851 299 2931 Facundus,
328 2853 428 2911 iniisse
458 2870 488 2910 se
518 2850 673 2911 consilium
698 2853 762 2911 eius
791 2851 870 2910 modi
898 2851 966 2911 libri
998 2851 1218 2933 conscribendi3
1247 2852 1277 2912 id

126 2959 205 3038 quod
237 2978 323 3019 nemo
351 2957 446 3018 adhuc
480 2958 558 3037 quod
592 2961 684 3018 sciam
716 2958 929 3019 animadvertit.
969 2958 1026 3019 Sed
1055 2978 1124 3019 cum
1155 2967 1277 3019 secutus

127 3084 240 3125 morem
264 3084 280 3124 a
299 3065 473 3126 Christianis
497 3075 568 3126 tunc
591 3075 758 3147 receptum,
782 3069 867 3127 cuius
887 3066 1052 3145 exemplum
1076 3066 1275 3128 luculentissi-

127 3191 207 3232 mum
223 3181 339 3232 exstant
353 3172 441 3233 ltalae
462 3193 536 3252 quae
556 3175 664 3234 dicitur
684 3192 836 3234 sacrorum
857 3172 1001 3233 librorum
1020 3176 1275 3252 interpretationis

91 3326 96 3336 .
127 3277 283 3359 reliquiae,
310 3279 433 3340 verbum
457 3281 519 3340 fere
544 3281 579 3341 de
603 3280 693 3339 verbo
717 3282 898 3359 exprimeret
921 3279 1091 3359 Facundum,
1115 3282 1214 3341 effecit
1236 3281 1276 3362 id,

128 3392 161 3445 nt
180 3384 285 3446 Iuliani
307 3387 432 3465 epistula
457 3387 587 3466 intellegi
610 3389 658 3448 vix
676 3388 771 3466 possit
791 3389 847 3447 nisi
866 3386 996 3446 Graecae
1016 3386 1131 3465 linguae
1151 3386 1274 3447 reddita.

129 3491 256 3570 Scripsit
270 3499 368 3552 autem
383 3492 513 3553 lulianus
528 3492 600 3553 haec
619 3496 649 3553 in
664 3493 789 3572 epistula
809 3492 845 3553 ad
859 3493 1019 3554 Photinum
1039 3493 1273 3554 haeresiarcham

125 3599 205 3658 data:
234 3598 298 3678 „Tu
318 3599 446 3680 quidem,
470 3619 487 3659 ο
507 3600 641 3681 Photinc,
666 3601 832 3660 verisimilis
857 3600 965 3660 videris
990 3609 1019 3661 et
1042 3603 1195 3680 proximus
1220 3601 1273 3661 sal-

124 3699 228 3785 vari1),
248 3704 436 3766 benefaciens
459 3726 644 3786 nequaquam
669 3710 698 3767 in
727 3716 813 3767 utero
841 3707 984 3767 inducere
1008 3727 1097 3786 quem
1121 3708 1274 3768 credidisti

125 3812 234 3890 deum..
260 3811 406 3872 Diodorus
434 3822 531 3874 antem
555 3813 694 3873 Nazaraei
723 3833 824 3892 magns
848 3816 912 3873 cius
940 3813 1168 3893 pigmentalibus
1191 3832 1271 3874 man-

124 3910 242 3999 ganis2)
266 3936 375 3978 acuens
399 3920 694 4002 irrationabilitatem,
718 3928 823 3981 acutus
845 3923 981 4000 apparuit
1005 3921 1135 3999 sophista
1155 3921 1271 4000 religio·

125 4027 172 4111 nis
196 4019 349 4102 agrestia.“
385 4025 530 4087 Vertenda
551 4036 649 4087 autem
669 4028 806 4088 videntur
829 4028 908 4088 hunc
933 4029 994 4088 fere
1018 4031 1049 4087 in
1073 4027 1205 4088 modum:
1229 4026 1271 4089 (ὺ

198 4270 223 4336 1)
244 4267 382 4322 ‘Salvere'
402 4269 432 4322 in
453 4267 577 4322 ‘salvari’
598 4271 714 4324 mutavi.

197 4359 224 4425 ν)
244 4357 288 4412 Ila
307 4357 483 4411 scribendum
502 4374 563 4411 esse
583 4359 709 4413 existimo
732 4376 783 4428 pro
802 4360 909 4415 tradita
927 4360 1064 4431 scriptura
1084 4361 1269 4433 emangancs’‚

123 4464 142 4501 a
160 4463 217 4515 qua
234 4463 270 4501 ne
288 4445 449 4501 Hertlenius
468 4444 580 4514 quidem
598 4448 721 4503 recessit.
812 4520 815 4524 Α
896 4441 898 4446 ’
