2926 5040
189 332 232 395 86
698 332 790 401 Colunt
809 334 828 386 i.

192 502 310 561 virtutis
338 509 369 560 et
391 509 597 579 pugnaverunt
625 518 719 578 usque
747 499 782 558 ad
808 501 895 559 ritanr
924 507 953 559 ot
977 502 1151 578 sanguinem
1179 509 1211 560 et
1239 502 1344 561 testati

190 616 261 667 sunt
283 607 406 685 gloriam
430 605 541 667 Christi
564 615 594 667 et
617 609 745 666 victores
769 608 840 666 lacti
862 606 1036 667 fortitudine
1061 605 1210 668 bonitatis.

280 713 317 774 Et
340 723 408 793 post
430 732 537 793 pauca,
561 712 611 774 ubi
631 713 703 774 dicit
726 708 781 795 (sc.
801 708 950 794 cyrillus),
973 713 1051 792 apud
1070 713 1196 792 gentiles
1219 733 1345 794 quoque

191 822 304 881 lacinus
327 820 481 880 honorari:

279 922 415 1008 (Athenis
431 930 518 1008 enim,
532 937 565 988 nt
580 947 693 1008 eorum,
712 931 763 1006 qni
778 936 901 1007 propter
916 928 1068 989 Graeciam
1082 927 1241 1008 periclitati
1263 938 1347 1009 sunt,

191 1044 316 1095 mortem
328 1037 486 1113 quotannis
499 1033 747 1095 celebrationibus
762 1035 904 1115 colerent,
918 1052 1005 1095 curas
1019 1029 1139 1117 agrrnt):
1153 1034 1189 1095 ad
1204 1035 1348 1114 sepulcra

193 1141 387 1221 egrediuntur
406 1144 436 1222 ii,
456 1141 564 1221 quibus
584 1160 654 1220 prae
674 1145 781 1202 ceteris
801 1151 847 1202 est
865 1143 975 1202 diserta
990 1142 1098 1223 lingua,
1117 1149 1148 1201 et
1166 1141 1348 1203 mirabiliter

193 1249 289 1309 verbis
310 1248 453 1308 l'elicitaro
472 1249 593 1309 student
613 1268 708 1328 neque
728 1256 825 1308 tamen
846 1256 879 1308 nt
894 1247 970 1308 Deos
989 1267 1041 1308 eos
1060 1248 1170 1329 colunt,
1190 1249 1242 1309 sed
1264 1250 1348 1328 quod

192 1363 398 1434 pugnaverunt
416 1374 470 1434 pro
490 1355 584 1415 salute
600 1357 732 1415 omniurn
750 1365 779 1416 et
797 1373 852 1434 pro
871 1354 1007 1415 libertate
1022 1355 1203 1416 Graecorum
1222 1358 1351 1418 iverunt

192 1465 221 1522 in
245 1460 385 1540 pericula.

283 1568 321 1629 Et
343 1577 412 1647 post
439 1587 545 1649 pauca,
575 1568 625 1629 nbi
654 1569 739 1649 dicit,
768 1568 955 1630 ethnicorum
983 1568 1055 1628 deos
1082 1569 1217 1630 homines
1243 1569 1353 1652 fuisse,

194 1679 245 1757 qui
269 1678 344 1756 nati,
368 1679 490 1756 mortni,
514 1679 647 1755 corrupti
675 1678 747 1757 sint,
776 1684 806 1736 et
834 1676 970 1756 sepulcra
998 1675 1208 1737 nonnullorum
1239 1697 1352 1739 eorum

194 1791 351 1864 memorat,
374 1783 446 1842 haec
470 1784 554 1843 dicit:

289 1890 430 1970 Sepultus
453 1892 608 1967 igiturest
631 1892 661 1950 in
685 1898 770 1950 antro
789 1889 875 1950 ldaeo
895 1891 1036 1970 luppiter,
1058 1890 1107 1951 ille
1132 1909 1222 1971 super
1247 1895 1353 1953 omnia

197 1997 345 2076 excelsus3
367 1997 513 2075 Dionysus
532 2005 631 2056 autem
650 1999 731 2056 iuxta
750 1997 841 2056 altaro
860 1997 1002 2077 Apollinis
1022 2000 1073 2075 qui
1092 1997 1201 2058 dicitur
1220 2016 1353 2081 aureus3

194 2106 242 2165 bic
274 2107 337 2183 ipse
366 2110 446 2162 vates
474 2103 575 2182 Apollo
604 2123 694 2183 super
723 2103 838 2183 tripode
867 2104 1023 2184 divinanti,
1055 2114 1085 2165 et
1116 2104 1199 2178 inde,
1231 2105 1353 2188 dicunt,

195 2211 304 2290 Tripus
334 2228 440 2270 nomen
465 2213 579 2289 accepit
607 2210 644 2269 ob
672 2218 734 2270 tres
763 2210 963 2289 lilias'l'riopi
990 2229 1065 2288 quae
1092 2203 1173 2271 bunc
1195 2210 1353 2294 Pythium,

195 2317 288 2378 lilium
306 2317 382 2376 loris
406 2324 436 2376 et
454 2315 582 2377 Latonae
602 2316 813 2397 querebantur,
837 2336 906 2377 curn
925 2326 1060 2378 mortuus
1079 2325 1159 2378 esset
1178 2318 1353 2380 secundum

196 2424 335 2503 placituru
360 2419 517 2504 Homeri.¹)

636 2657 685 2714 Eoo
707 2657 786 2715 libro
810 2657 899 2714 XIX.

741 2811 793 2873 49.

286 2938 328 2997 Ex
353 2937 463 2998 Leoni„
480 2946 509 2998 et
533 2938 631 2999 loann.
656 2957 683 3016 p.
702 2935 772 2999 106.
810 2933 860 2999 Ἐκ
886 2940 945 3000 τοῦ
974 2930 1013 3000 ιθ’
1043 2936 1143 3013 λόγου
1171 2941 1239 3002 τῶν
1268 2941 1356 3005 κατὰ

197 3039 408 3126 Ἰουλιανοῦἶί)

286 3151 379 3214 Πολὺ
403 3149 475 3213 λίαν
498 3150 586 3227 παρὰ
609 3154 676 3213 τοῖς
700 3149 761 3214 ἔξω
785 3155 885 3213 κεῖται
909 3151 946 3213 τὸ
974 3156 1029 3229 τῆ(
1053 3151 1218 3229 εὐετομίαε
1242 3158 1355 3232 χρῆμα

198 3257 305 3320 καὶτὸ
325 3257 471 3334 λαμπρὸν
486 3261 541 3335 τῆς
561 3257 686 3333 λέξεως,
706 3255 753 3319 ἔνι
772 3257 807 3319 δὲ
828 3255 913 3333 ὅμως
932 3261 998 3320 τῶν
1017 3256 1222 3336 ὀνηαφόρων
1241 3259 1354 3325 οὐδέν.

198 3364 255 3426 τὸν
278 3362 339 3441 γὰρ
363 3363 456 3441 priter
475 3363 551 3426 θεὸν
575 3362 625 3424 καὶ
645 3363 838 3439 δημιουργὸν
856 3363 914 3426 οὐκ
932 3361 1089 3440 ἕγνιυεαν,
1113 3361 1355 3445 ἀναριθμήτους

199 3471 234 3532 δὲ
259 3470 352 3533 θεοὺς
375 3473 421 3551 τῷ
447 3468 503 3551 βίῳ
527 3468 692 3545 κομίζομαι.

535 3642 681 3709 Incertae
704 3643 789 3709 sedis
812 3643 1002 3727 fragmenta.

744 3787 795 3852 50.

287 3914 331 3974 Ex
356 3915 454 3975 loann.
479 3915 609 3977 llarnasc.
633 3936 660 3995 p.
675 3912 749 3978 408.
782 3913 945 3991 Κυρίλλου.
978 3916 1096 3996 Rupel.:
1120 3915 1244 3979 ἐκτῶν
1268 3919 1354 3981 κατὰ

198 4018 380 4083 Ἰουλιανοῡ.

273 4196 298 4261 1)
317 4192 419 4263 Porph.
439 4212 464 4247 v.
485 4193 565 4262 Pybh.
587 4200 632 4247 16:
654 4195 796 4261 Ιἐκηδεύθη
817 4195 847 4247 δ’
867 4195 897 4247 ἐν
920 4201 961 4264 τῷ
980 4196 1142 4264 καλουμένῳ
1161 4194 1295 4265 Τρίποδι,
1321 4200 1353 4255 ὃ(

201 4284 305 4349 ταύτης
324 4285 404 4350 ἔτυχε
423 4287 472 4349 τῆ(
492 4283 648 4349 ἐπωνυμία(
672 4284 768 4336 διὰτὸ
787 4289 859 4349 πρά(
878 4283 961 4349 κόρα(
983 4284 1034 4336 τὰ(
1051 4285 1173 4350 Τριόπου
1193 4287 1355 4355 θυγατέρα(

202 4372 322 4425 ἐνταῦθα
341 4377 472 4439 θρηνῆεαι
490 4375 541 4426 τὸν
561 4374 729 4428 Ἀπόλλωνα.
768 4369 807 4425 Cf.
828 4371 890 4440 Cyr.
909 4372 989 4426 Alex.
1009 4390 1031 4426 c.
1050 4372 1102 4426 lul.
1121 4391 1148 4442 p.
1163 4373 1251 4428 3428.

273 4463 300 4528 2)
319 4461 465 4514 Ἰουλιανοῠ
484 4460 615 4530 Mignius.
636 4461 782 4515 Ἰουλιανόν
800 4460 898 4514 Maius.
