2926 5040
729 353 821 423 eaput
840 355 859 408 1.

766 554 818 619 42.

310 680 352 741 Ex
376 681 479 743 Leont.
503 691 533 742 et
555 681 656 743 loann.
679 702 707 763 p.
725 679 797 744 105.
835 678 884 744 Ἐκ
911 683 970 744 τοῦ
999 675 1038 758 ιη’
1069 678 1170 756 λόγου
1194 681 1260 743 τῶν
1289 678 1377 742 κατὰ

219 784 403 850 Ἰουλιανοῦ.

308 891 359 957 Ἐν
385 898 432 976 τῷ
461 894 559 972 μηδὲν
582 891 666 969 ἄγαν
694 891 836 958 εἶναιτὸ
861 893 896 958 εὖ
920 891 1009 972 ἔχον,
1038 893 1075 956 ἐν
1102 893 1138 956 δὲ
1162 896 1209 974 τῷ
1231 896 1378 975 περιττῷ

218 1001 275 1064 τὰ(
295 999 455 1081 διαβολάε.

309 1108 390 1178 Quae
419 1109 507 1170 verba
537 1128 603 1169 esse
632 1118 792 1170 extremam
825 1110 951 1172 alicuius
981 1103 1132 1170 'enuntiati
1158 1116 1274 1189 partem
1303 1108 1378 1168 inde

219 1216 416 1297 intellegitur,
440 1217 519 1296 quod
543 1236 666 1278 necesse
685 1227 731 1279 est
753 1220 950 1298 praemissum
973 1219 1012 1277 sit
1031 1215 1154 1276 verbum
1177 1234 1274 1295 aquo
1299 1235 1376 1295 pen-

219 1323 287 1383 deat
306 1326 492 1385 accusativus
511 1342 579 1384 cum
602 1325 746 1384 infinitivo
766 1326 952 1385 coniunctus
985 1322 1165 1402 Deprompta
1184 1332 1284 1383 autem
1305 1341 1377 1383 esse

220 1449 255 1489 ex
280 1429 382 1490 eadem
406 1429 474 1490 libri
502 1439 586 1509 parte
611 1449 668 1509 qua
692 1431 730 1510 fg.
750 1428 790 1490 41
817 1431 956 1491 videntur
984 1449 1050 1490 esse
1073 1439 1196 1510 propter
1220 1447 1312 1489 voces
1337 1427 1378 1490 τὸ

220 1533 256 1598 εὖ
280 1534 366 1612 ἔχον.

764 1660 818 1724 43.

307 1786 351 1846 Ex
370 1785 470 1846 loann.
485 1785 617 1847 Damasc.
636 1783 781 1861 ἐκλογῶν
802 1788 879 1864 βιβλ.
899 1788 943 1847 ed.
963 1786 1096 1866 Lequien
1110 1784 1137 1844 11
1155 1806 1183 1867 p.
1200 1782 1273 1847 752.
1308 1783 1380 1847 Τοῦ

219 1890 312 1968 ἁγίου
338 1890 501 1969 Κυρίλλου,
525 1891 560 1955 ἐκ
582 1896 641 1955 τοῦ
665 1886 704 1970 ιη’
728 1896 795 1956 τῶν
817 1892 898 1956 κατὰ
920 1890 1104 1956 Ἰουλιανοῦ.
1197 1915 1199 1920 ’

307 2000 389 2063 Δεῖν
413 1995 499 2076 οἶμαι
522 1997 561 2061 τὰ
582 1997 669 2077 ,ὑπὲρ
696 1999 777 2078 ἡμᾶε
800 1996 1046 2083 ἀβαεανίετωεῑ)
1074 2004 1112 2082 τῇ
1140 1997 1240 2061 πίετει
1263 2000 1379 2076 τιμᾶν·

219 2104 345 2170 ἀεθενεῖ
372 2105 433 2184 γάρ
456 2125 525 2168 πωε
554 2104 756 2183 ἀνθρώπινοε
779 2111 855 2173 νοῦτ
888 2104 934 2170 εἴ(
956 2125 993 2182 γε
1022 2105 1060 2168 τὸ
1088 2104 1241 2168 δύναεθαι
1269 2105 1380 2169 ευνιέ-

218 2232 271 2276 ναι
295 2212 408 2276 πάντα.
826 2279 829 2287 ,

763 2337 816 2400 44.

307 2463 350 2523 Ex
372 2462 474 2522 loann.
498 2461 628 2523 Damaso.
652 2483 680 2542 p.
697 2461 769 2524 778.
801 2460 867 2524 Τοῦ
891 2460 991 2523 αὐτοῦ
1014 2460 1049 2524 ἐκ
1071 2465 1130 2524 τοῦ
1154 2456 1193 2539 ιη’
1219 2460 1358 2541 βιβλίου.

308 2567 412 2632 Οὐδὲν
440 2562 559 2650 οὕτωί)
592 2567 847 2644 κεκαθαρμένον(
873 2567 954 2646 ἡμᾶς
982 2571 1069 2631 ποιεῖ
1096 2565 1141 2630 ὡ(
1169 2565 1201 2630 αί
1228 2570 1298 2632 τῶν
1328 2568 1379 2632 εἰ(

218 2673 382 2752 εὐτέβειαν
406 2665 702 2751 ἀνδραγαθημάτων
726 2671 945 2751 λαμπρότητες
968 2673 1020 2735 καὶ
1043 2671 1081 2735 τό
1104 2693 1140 2748 γε
1160 2673 1378 2752 ἐποικτείρειν

218 2780 350 2867 τοὺειὲν
369 2779 476 2862 ἐνδείᾳ
499 2780 549 2844 καὶ
567 2783 633 2843 τῶν
653 2777 835 2855 ἀναγκαίων
854 2778 974 2843 τπάνει.
1011 2777 1129 2857 γράφει
1150 2777 1211 2856 γάρ
1230 2799 1298 2843 που
1322 2782 1379 2846 καὶ

219 2885 492 2965 δπαροιμιαετὴε,
515 2885 564 2949 ὅτι
588 2886 814 2964 ἑλεημοεύναιε
837 2885 888 2949 καὶ
906 2885 1023 2949 πίετετι
1042 2883 1317 2962 ἀποκαθαίρονται
1343 2887 1379 2950 αἱ

219 2991 366 3071 ἁμαρτίαι
390 2991 477 3077 (Tob.
494 2993 549 3078 12,
563 2990 608 3077 9).

764 3116 817 3181 45.

310 3244 353 3305 Ex
376 3246 476 3306 loann.
501 3244 632 3307 Damaso.
656 3263 684 3323 p.
700 3239 773 3304 778.
806 3238 856 3304 Ἐκ
878 3245 936 3304 τοῦ
961 3241 1069 3306 αὐτοῦ.

250 3378 255 3383 ·
307 3350 447 3427 Πρῶτον
461 3345 587 3433 <611>³)
606 3348 657 3412 καὶ
676 3345 804 3425 ἄριετον
823 3344 1052 3426 ἀνδραγάθημα
1070 3348 1108 3410 τὸ
1127 3351 1286 3426 διανεῖμαι
1301 3354 1376 3415 τοῖε

220 3458 386 3534 δεομένοις
409 3456 449 3519 τά
468 3454 548 3519 ὄντα
571 3455 622 3519 καὶ
640 3458 904 3533 κατευμεγεθῆεαι
923 3459 979 3534 τῆ(
997 3455 1033 3518 ἐκ
1051 3459 1108 3517 τοῦ
1128 3454 1272 3518 πλούτου
1297 3477 1375 3535 τρα-

220 3566 284 3641 φῆε
307 3562 358 3625 καὶ
380 3566 613 3640 καταεωρεῦεαι
637 3563 761 3639 μᾶλλον
784 3561 820 3624 ἐν
843 3559 994 3638 οὐρανοί(
1012 3560 1128 3624 ἐλπίδα
1150 3562 1208 3638 τὴν
1232 3561 1375 3638 μέλλου-

220 3687 278 3732 ταν
296 3667 347 3730 καὶ
365 3671 431 3732 τῶν
450 3667 651 3746 προεκαίραιν
665 3665 857 3732 ἀλλάξαεθαι
876 3667 915 3730 τά
934 3671 1059 3746 διηνεκῆ
1079 3667 1130 3731 καὶ
1149 3665 1376 3755 ἀνθελέεθαῦ)

220 3775 259 3839 τὰ
287 3775 426 3853 μένοντα
452 3777 519 3838 τῶν
547 3776 796 3852 εεταλευμένων,
825 3773 1018 3838 ἐνδοιάεειεν
1045 3773 1085 3838 ἀν
1109 3773 1214 3838 οὐδεὶε
1237 3778 1309 3841 τῶν
1339 3777 1376 3842 εὖ

219 3884 356 3960 φρονεῖν
379 3881 550 3946 εἰωθότων.

339 4109 523 4177 ἀβαεανίετωε
542 4107 649 4178 scripsi.
667 4110 836 4180 ἀβαεανίετῳ
856 4110 987 4180 λοηαίοα.

337 4200 413 4253 οὕτω
432 4197 539 4267 scripsi.
559 4199 649 4252 οὕτω(
668 4198 800 4267 Lequien

293 4114 319 4178 1)

291 4201 318 4266 2)

291 4289 318 4356 3)
338 4289 381 4342 ὅτι
399 4286 497 4342 adieci.

291 4377 318 4444 4)
291 4377 433 4430 4ἀνθελέ
435 4381 495 4430 (θαι
513 4376 619 4445 scripsi
639 4378 778 4431 ἀνελὲεθαι
798 4377 929 4446 Βρομίοιο
