2910 5034
202 336 265 401 104
691 333 783 403 Capul
801 333 836 388 ΙΙ.

200 521 275 582 opus
310 520 397 562 suum
427 501 572 563 lulianum
601 502 766 580 fragmento
790 497 865 562 39a
884 519 927 580 sq.
960 503 1024 579 ipse
1053 499 1180 579 Cyrillus
1214 501 1361 563 indicavit

202 608 300 669 verbis
320 608 366 668 his
380 628 408 687 p.
423 605 465 669 39
477 610 516 668 dr
539 602 670 683 ἄρχεται
684 603 794 668 τοίνυν
808 608 866 669 τοῦ
885 603 959 670 καθ’
971 605 1063 683 ἡμῶν
1082 603 1184 681 λόγου
1203 605 1258 669 καί
1273 626 1359 684 φηςι.

202 714 287 787 Quod
311 717 448 793 sequitur
471 715 509 793 lg.
524 733 551 792 p.
566 711 643 773 41Ε
659 731 703 792 sq.
740 712 858 792 Optime
882 715 963 774 enim
981 713 1113 775 lulianus
1136 731 1206 775 cum
1231 714 1359 776 dixisset

201 840 305 882 causas
329 839 395 881 sese
420 822 634 900 expositurum,
658 819 766 898 quibus
790 829 943 899 permotus
967 819 1103 909 fraudem
1126 838 1193 881 esse
1217 831 1360 882 censeret

202 928 399 989 Christianam
422 927 605 1007 religionem,
629 924 796 1005 quomodo
821 943 853 987 se
872 935 1013 1004 gererent
1035 924 1200 988 lectoribus
1223 946 1357 1006 pronun·

203 1038 293 1096 tiavit.
326 1034 408 1105 Quae
427 1033 478 1094 ubi
497 1032 662 1112 explanavit
681 1034 718 1112 lg.
732 1053 761 1112 p.
776 1030 908 1112 42Esq.
930 1033 1043 1093 indicet
1063 1035 1164 1113 operis
1187 1035 1236 1094 sui
1260 1036 1357 1095 consi·

203 1142 275 1202 lium
298 1142 336 1200 iis
355 1158 430 1218 quae
454 1139 541 1200 modo
565 1139 718 1200 attulimus
736 1138 844 1200 verbis.
880 1139 1015 1200 Primum
1033 1141 1137 1219 paucis
1156 1158 1189 1201 se
1212 1143 1359 1221 repetitu·

204 1266 281 1328 rum,
306 1245 383 1308 unde
404 1256 433 1307 et
452 1245 600 1325 quomodo
623 1245 794 1306 homiuibus
812 1247 942 1325 primum
966 1248 1147 1306 inurentem
1172 1249 1290 1308 venerit
1306 1246 1360 1307 Dei

204 1355 318 1415 notitia.
361 1353 476 1414 Deinde
503 1371 569 1413 sese
596 1360 837 1432 comparaturum
860 1352 1042 1413 Graecorum
1066 1359 1096 1412 et
1119 1351 1300 1413 ludaeorum
1323 1353 1360 1414 de

205 1462 260 1523 deo
285 1461 456 1521 sententias.
494 1459 571 1520 Tum
600 1477 666 1519 sese
690 1461 944 1537 interrogatorum
968 1458 1165 1540 Christianos,
1192 1478 1262 1540 cur,
1289 1479 1361 1522 cum

207 1568 320 1629 relictis
343 1566 524 1626 Graecorum
548 1565 692 1625 doctrinis
715 1566 746 1624 in
769 1563 946 1624 ludaeorum
969 1572 1070 1643 partes
1093 1567 1298 1648 transiissent,
1323 1584 1361 1626 ne

205 1678 236 1734 in
267 1692 370 1735 eorum
400 1671 519 1750 quidem
552 1674 708 1732 sententiis
736 1681 767 1732 et
794 1673 873 1732 victu
901 1673 1135 1753 perseverarint,
1168 1671 1221 1733 sed
1254 1691 1361 1733 novam

206 1780 380 1859 religionem
404 1780 627 1857 composuerint
649 1780 778 1858 pessima
801 1796 937 1857 quaeque
966 1797 1041 1858 quae
1070 1788 1100 1840 et
1127 1779 1205 1858 apud
1230 1778 1363 1840 Graecos

208 1894 238 1946 et
260 1885 338 1965 apud
361 1885 485 1946 ludaeos
511 1887 717 1965 reperirentur
743 1887 774 1945 in
803 1903 890 1945 usum
915 1903 1002 1946 suum
1025 1884 1215 1947 conferendo.
1263 1887 1363 1966 Atque

207 1993 264 2052 lroc
287 1991 406 2071 quidem
430 1991 502 2079 loco,
518 1993 695 2052 terminatur
718 1994 912 2071 prooemium.

298 2097 341 2158 Ex
361 2100 456 2177 prima
475 2107 572 2158 autem
593 2097 801 2177 disputationis
820 2107 904 2177 parte
924 2101 1083 2177 quicquam
1103 2097 1189 2159 uobis
1207 2108 1362 2160 serratum

211 2196 276 2265 esse
300 2207 416 2284 negavit
444 2204 526 2285 libri,
550 2222 638 2283 quem
662 2207 747 2265 initio
770 2204 987 2266 dissertationis
1010 2223 1093 2266 meae
1120 2204 1253 2288 laudavi,
1275 2226 1303 2286 p.
1319 2205 1364 2268 98

213 2315 301 2372 etiam
324 2312 437 2372 Rodius
461 2312 637 2390 ceteroquin
661 2310 912 2390 diligentissimus.
949 2311 1074 2372 Exstant
1096 2320 1195 2373 autem
1213 2332 1243 2392 p.
1259 2309 1365 2374 52Βο

211 2420 270 2479 duo
298 2417 404 2478 Iuliani
436 2418 613 2496 fragmenta,
645 2436 720 2496 quae
750 2425 925 2497 separantur
957 2417 1062 2480 lacuna
1089 2418 1126 2479 ab
1158 2421 1223 2498 ipso
1253 2420 1365 2500 Cyrillo

210 2524 312 2585 verbis
336 2521 386 2585 καὶ
405 2519 478 2599 μεθ’
496 2521 591 2599 ἕτερα
610 2519 707 2585 πάλιν
725 2524 867 2604 indicata,
892 2541 1018 2602 quorum
1042 2524 1135 2585 altero
1154 2525 1202 2586 dei
1226 2528 1365 2588 notitiam

211 2629 380 2690 homiuibus
409 2637 513 2689 natura
546 2629 643 2690 datam
672 2647 737 2690 esse
771 2631 942 2711 exponitur,
974 2630 1067 2691 altero
1096 2642 1240 2710 quantum
1271 2633 1368 2694 valeat

212 2734 326 2795 caelum
353 2737 383 2795 in
411 2735 564 2796 hominum
592 2736 628 2796 de
656 2734 712 2796 deo
742 2739 907 2797 sententiis.
948 2736 1028 2815 Ergo
1056 2735 1180 2798 dubium
1205 2758 1274 2800 esse
1303 2759 1367 2801 non

212 2849 320 2922 potest,
339 2844 411 2920 quin
430 2841 604 2922 deprompta
624 2844 683 2902 sint
701 2841 773 2902 haec
793 2842 957 2922 fragmenta
976 2861 1012 2902 ex
1030 2847 1125 2921 prima
1144 2845 1368 2908 dissertationis

212 2957 306 3028 parte.
343 2947 434 3008 Cuius
458 2951 576 3011 initium
599 2950 685 3018 nobis
709 2957 858 3010 servatum
882 2968 947 3010 esse
971 2968 1031 3010 non
1055 2950 1185 3032 videtur,
1212 2971 1285 3014 cum
1311 2973 1367 3015 vox

213 3056 310 3117 τοῦτο
334 3057 364 3115 in
384 3056 539 3136 fragmenti
559 3077 588 3136 p.
603 3053 678 3117 5213
702 3056 781 3116 allati
800 3055 897 3116 verbis
916 3053 966 3118 ὅτι
985 3055 1020 3117 δὲ
1040 3055 1079 3118 οὐ
1098 3057 1268 3136 διδακτὸν,’
1282 3056 1369 3123 ἀλλὰ

215 3159 308 3237 poco
329 3164 445 3224 τοῦτο
469 3165 537 3224 roi(
556 3159 738 3239 ἀνθρώποις
758 3159 893 3238 ὑπάρχει
913 3172 1027 3242 spectet
1046 3164 1156 3242 aliquid
1176 3166 1257 3244 quod
1280 3184 1367 3246 prae·

215 3271 337 3331 missum
353 3279 428 3351 erat,
449 3270 537 3330 verba
552 3270 665 3330 scilicet
680 3268 717 3330 τὸ
733 3266 851 3332 εἰδέναι
866 3267 950 3332 θεόν.
979 3271 1175 3332 Grammatico
1194 3272 1368 3334 nisiinter·

215 3375 335 3436 cederet
358 3378 444 3458 ratio,
466 3377 540 3438 nihil
558 3377 731 3456 prohiberet
752 3394 806 3435 uos
829 3386 934 3455 putare
957 3379 1075 3438 initium
1099 3380 1214 3457 cepisse
1238 3381 1370 3458 primam

216 3481 431 3542 dissertationis
441 3492 555 3562 partem
566 3482 602 3542 ab
614 3501 648 3543 eo
659 3485 745 3544 cuius
756 3486 935 3545 mentionem
947 3485 1033 3545 modo
1048 3485 1106 3546 leci
1115 3487 1292 3564 fragmento.
1313 3485 1370 3548 Cui

217 3604 292 3665 quae
312 3591 457 3649 sententia
476 3591 626 3669 praemitti
644 3592 775 3670 potuerit
796 3590 932 3669 equidem
951 3593 1064 3670 ignoro.
1088 3591 1149 3652 lam
1163 3609 1234 3652 vero
1250 3602 1371 3654 antece·

217 3693 292 3754 dunt
305 3692 443 3755 luliaueis
457 3695 530 3756 haec
545 3695 646 3775 Cyrilli
660 3696 762 3758 verba:
782 3693 999 3772 διιεχυρίῑεται
1013 3697 1071 3772 μὲν
1085 3695 1147 3775 γὰρ
1166 3692 1220 3778 (sc.
1236 3693 1371 3762 Ἰουλια-

218 3795 288 3880 νὸς)
302 3796 347 3862 ὡ(
360 3797 530 3863 ἀδίδακτόν
544 3821 573 3863 τι
588 3805 692 3879 χρῆμα
706 3801 757 3864 καὶ
770 3800 948 3879 αὐτομαθέε
959 3801 1085 3885 <ἐετιν>
1092 3799 1116 3886 1)
1131 3799 1318 3882 ἀνθρώποις
1333 3804 1372 3870 τὸ

217 3904 335 3969 εἰδέναι
350 3906 439 3969 θεὸν·
454 3907 530 3985 φηεὶ
544 3908 579 3971 δὲ
594 3907 712 3972 οὕτως·
726 3944 777 3970 -.
802 3910 883 3981 Quae
894 3910 1020 3989 Cyrillus
1031 3930 1099 3972 cum
1114 3913 1294 3994 scripsisset,
1310 3933 1373 3977 non

216 4016 315 4094 potuit
333 4033 392 4075 non
413 4022 527 4076 mutare
546 4015 651 4077 Iuliani
670 4016 771 4098 verba,
795 4019 820 4077 si
839 4017 903 4077 loco
924 4016 1006 4077 verbi
1024 4019 1121 4080 τοῦτο
1139 4018 1374 4083 inveniebantur

219 4120 307 4181 verba
320 4118 359 4181 τὸ
374 4117 492 4183 εἰδέναι
506 4118 592 4186 θεόν.
625 4123 706 4194 Quae
721 4142 829 4184 censeo
845 4122 1029 4202 subroganda
1044 4125 1159 4184 esse'in
1173 4123 1274 4186 locum
1288 4129 1373 4188 vocis

218 4229 324 4288 τοῦτο.
363 4227 447 4298 Quod
467 4231 493 4290 si
512 4232 661 4311 statueris,
680 4249 768 4291 causa
787 4239 916 4311 nonest,
935 4249 989 4291 cur
1007 4232 1124 4291 initium
1145 4233 1261 4310 cepisse
1276 4251 1373 4313 neges

293 4454 319 4523 1)
337 4453 442 4524 Vocem
461 4457 532 4511 tortu
552 4454 680 4525 equidem
699 4454 798 4510 adieci.
