2926 5040
464 329 505 388 De
524 329 626 387 Iuliani
643 329 926 386 librisrcstituendis.
1207 332 1268 395 lll

122 499 193 561 roi(
221 493 331 561 ἄλλοι(
361 500 500 570 νοεῖεθαι
528 500 623 561 decit.
665 497 747 568 Quae
775 501 917 560 contiuuo
946 501 1031 578 sequi
1059 499 1131 560 mihi
1159 499 1275 560 videtur

124 605 231 667 luliaui
259 606 341 667 locus
365 625 392 685 p.
411 603 507 666 1061)
536 615 603 684 post
633 623 720 665 voces
748 603 799 665 καὶ
829 601 901 680 μεθ’
929 603 1023 680 ἕτερα
1051 608 1174 685 positus
1217 605 1275 676 Qui

124 712 195 791 quid
220 712 278 773 sibi
306 712 376 773 velit
400 731 470 772 sane
498 712 629 790 intellegi
654 730 712 771 uon
741 715 865 792 poterit,
893 715 950 772 uisi
977 722 1007 773 et
1034 715 1274 791 interrogationis

124 822 209 898 siguo
233 821 454 899 interpuuxeris
476 827 543 898 post
562 815 647 893 ῥίζη(
667 827 697 878 et
716 836 816 878 vocem
836 816 990 894 ἡμετέρα(
1010 838 1077 879 cum
1097 815 1182 894 ῥίζη(
1205 837 1274 879 con·

125 926 267 1006 iunctam,
290 945 365 1005 quae
390 935 436 987 est
458 926 535 1004 apud
555 924 730 1005 Auhertum,
753 928 879 1004 optimos
899 926 1017 986 codices
1036 935 1157 986 secutus
1181 935 1273 986 muta·

124 1033 204 1092 reris
227 1033 258 1092 ln
281 1028 447 1107 ὑμετέρας,
475 1041 508 1092 ut
530 1031 707 1092 ludaeorum
731 1034 821 1110 stirps
846 1033 1037 1110 significetur.
1074 1032 1177 1111 Neque
1200 1032 1274 1093 oim-

125 1137 181 1197 cile
205 1147 252 1198 cst
274 1141 404 1217 cognitu,
427 1138 575 1217 quomodo
598 1138 794 1198 aemulatione
818 1157 870 1198 sua
895 1139 1080 1199 demonstret
1098 1138 1274 1200 ludaeorum

124 1243 199 1304 deus
224 1263 282 1305 uon
310 1246 402 1304 totius
432 1243 533 1304 mundi
560 1263 625 1304 sese
651 1263 715 1304 esse
740 1244 901 1304 domiuum.
939 1243 1041 1322 Neque
1070 1247 1148 1306 enim
1177 1248 1275 1324 potuit

125 1350 282 1431 aemulari,
310 1352 368 1410 uisi
391 1351 438 1411 alii
463 1360 581 1431 praeter
609 1352 706 1429 ipsum
730 1351 771 1410 dii
794 1350 957 1411 exstabant.
999 1351 1059 1410 lam
1084 1370 1162 1411 uiroc
1186 1355 1275 1432 parti-

123 1457 236 1517 culario
265 1456 440 1518 ludaeorum
474 1457 543 1537 deo,
576 1459 626 1535 qui
661 1455 731 1515 solis
760 1455 901 1516 Hebraeis
934 1457 1082 1537 consulat,
1115 1461 1276 1538 opponitur

125 1562 307 1623 Graecorum
327 1581 470 1643 summus,
488 1563 592 1623 lacuna
612 1561 690 1622 nulla
710 1564 894 1643 interposita,
913 1581 1001 1641 quam
1020 1565 1128 1623 iniuria
1147 1564 1274 1643 Dargcn·

123 1672 187 1730 sius
206 1673 318 1751 statuit,
341 1671 379 1749 lg.
398 1666 493 1730 115o
508 1687 571 1748 sqq.
608 1667 682 1728 Esse
706 1687 887 1747 paganorum
906 1668 995 1728 deum
1014 1671 1147 1729 omnium
1172 1689 1273 1731 rerum

124 1787 240 1856 patrem
260 1786 290 1837 et
313 1794 423 1855 regem,
446 1774 622 1836 distributas
641 1784 739 1835 autem
759 1793 825 1863 esse
849 1773 920 1834 alias
938 1782 1042 1852 gentes
1061 1773 1125 1834 aliis
1144 1775 1198 1855 die,
1222 1779 1274 1856 qui

122 1900 228 1942 omnes
251 1901 366 1942 summo
389 1882 445 1942 deo
469 1880 635 1941 oboediant.
673 1881 768 1959 Atque
798 1880 876 1960 quod
906 1897 1009 1940 eorum
1034 1880 1153 1958 quidem
1177 1901 1276 1944 mores

124 1996 195 2048 suut
218 1987 341 2068 diversi,
370 1985 560 2066 repetendam
588 1986 656 2046 hinc
686 2005 751 2046 esse
775 2004 893 2046 causam
917 1988 1048 2045 omnium
1076 1991 1208 2065 gentium
1232 1989 1274 2050 di·

126 2094 284 2155 versitatis.
321 2094 403 2165 Quae
427 2101 535 2172 quauta
559 2095 597 2153 sit
620 2094 779 2171 exponitur
803 2093 822 2153 l.
839 2089 936 2153 13113
952 2112 1004 2172 sq,
1028 2093 1106 2172 quod
1131 2097 1273 2157 contiuuo

122 2203 209 2279 sequi
229 2199 354 2279 Cyrillus
378 2200 497 2279 indicat,
520 2217 588 2258 cum
606 2218 635 2278 p.
653 2195 749 2259 131o
773 2195 976 2274 προιεπὰγει,
996 2201 1102 2279 inquit,
1120 2198 1171 2261 καί
1190 2219 1275 2278 φηςι.

123 2308 217 2367 Cuius
236 2306 414 2367 diversitatis
434 2323 553 2366 causam
577 2307 697 2365 minime
718 2314 798 2365 recte
817 2305 928 2365 Mosem
949 2308 1121 2385 exposuisse
1145 2308 1271 2368 incredi-

122 2411 178 2473 bili
206 2431 258 2473 sua
288 2412 323 2472 de
352 2421 417 2473 orta
444 2412 613 2491 linguarum
640 2412 807 2472 differentia
836 2413 1018 2491 narratione3
1047 2411 1084 2491 lg.
1107 2411 1169 2474 134
1181 2408 1274 2497 sqq.¹)

122 2517 228 2597 Neque
242 2521 320 2578 enim
335 2518 503 2596 linguarum
517 2519 688 2579 diversitate
703 2518 853 2598 explanari
872 2518 1033 2578 discrimen
1049 2537 1165 2579 morum
1182 2521 1273 2581 mirlto

10 2622 12 2626 ’
122 2627 228 2686 maius.
266 2624 326 2684 lieo
349 2627 441 2702 igitur
463 2642 479 2684 a
503 2624 583 2684 Mose
608 2625 786 2703 praedicato,
810 2627 861 2703 qui
884 2625 1068 2703 providentia
1092 2635 1199 2705 careat,
1223 2629 1273 2706 qui
1321 2662 1324 2667 -

123 2731 197 2791 solis
220 2730 335 2791 ludaeis
359 2733 473 2792 miserit
495 2731 655 2810 prophetas
683 2731 841 2810 legumque
869 2731 993 2811 latores,
1021 2734 1129 2810 gratias
1154 2735 1274 2793 minime

120 2856 191 2898 csse
212 2837 352 2917 agendas3
367 2838 405 2916 ig.
423 2834 519 2897 137ss
535 2830 626 2919 sqq.²)
656 2836 747 2897 lllulto
762 2846 862 2897 autem
881 2837 1002 2898 meliora
1022 2841 1141 2918 paganis
1156 2839 1273 2900 dedisse

121 2961 217 3022 quem
240 2945 298 3022 ipsi
321 2924 480 3004 censerent
502 2962 569 3004 esse
593 2942 696 3003 muudi
714 2952 889 3024 creatorem,
913 2942 1027 3021 dequo
1052 2946 1140 3003 etiam
1163 2947 1275 3005 rectius

120 3050 238 3129 deoque
261 3048 381 3128 dignius
404 3052 550 3111 sentirent
574 3067 661 3128 quam
686 3049 800 3130 ludaei,
824 3052 876 3127 qui
900 3051 1036 3109 minimae
1062 3059 1157 3110 terrae
1181 3051 1272 3110 domi·

122 3174 196 3217 uum
226 3173 294 3216 eum
324 3174 390 3216 esec
419 3164 590 3236 censerent3
620 3157 657 3234 lg.
679 3153 833 3233 tticsq.
879 3154 939 3215 lam
968 3174 1047 3215 nuuc
1075 3155 1130 3216 alia
1160 3159 1273 3217 ratione

121 3271 215 3341 atque
239 3280 273 3322 ea
296 3280 384 3341 quam
413 3263 476 3341 ipse
501 3261 660 3340 protulerit
682 3261 832 3341 explanari
856 3277 915 3322 uon
938 3280 1025 3341 posse
1049 3262 1122 3322 dicit
1144 3261 1274 3323 lulianus

120 3386 241 3429 morum
269 3367 479 3448 differentiam,
513 3386 588 3446 quae
621 3370 651 3427 in
682 3367 820 3428 omnibus
853 3366 991 3446 gentihus
1024 3371 1203 3448 reperiatur3
1235 3370 1274 3447 lg.

128 3471 224 3534 leel
240 3492 303 3553 sqq.
331 3473 375 3534 Eo
389 3476 539 3534 severiore
559 3482 657 3533 autem
678 3475 891 3551 vituperatione
909 3473 1030 3552 dignum
1045 3492 1111 3534 esse
1126 3469 1274 3555 Mosem,⁸)
1357 3455 1361 3461 ’

114 3580 199 3659 quod
222 3581 413 3659 repetendam
436 3598 502 3641 esse
529 3579 724 3640 differentiae
748 3598 866 3640 causam
890 3598 906 3639 a
935 3579 1059 3641 deorum
1086 3580 1274 3641 multitudine

123 3692 189 3765 ipse
214 3688 332 3746 minime
356 3689 513 3767 ignorarit,
537 3685 588 3746 sed
613 3685 779 3747 occuluerit
801 3685 944 3746 consulto.
982 3685 1042 3746 lam
1067 3686 1274 3765 disputationis

118 3797 265 3852 sunimam
301 3791 338 3871 lg,
360 3789 456 3853 148o
472 3809 514 3870 sq.
542 3794 582 3852 ita
610 3793 733 3852 indicat:
768 3793 793 3851 si
822 3791 949 3851 eundem
977 3791 1079 3852 muudi
1110 3801 1274 3852 creatorem

118 3899 293 3980 praedicent
316 3897 416 3958 ludaei
444 3906 474 3958 et
501 3901 619 3978 pagani,
650 3898 754 3958 melius
783 3898 819 3957 de
849 3917 885 3957 eo
913 3901 1023 3958 sentire
1052 3916 1194 3977 paganos;
1222 3899 1267 3957 sin

120 4007 231 4085 miuus,
249 4021 366 4064 causam
386 4021 446 4064 noo
464 4022 541 4083 csse,
559 4023 614 4073 cur
633 4004 810 4065 ludaeorum
827 4007 927 4083 potius
946 4005 1044 4065 colant
1063 4002 1162 4083 deum,
1181 4020 1269 4080 quam

124 4128 215 4191 quem
239 4127 333 4188 usque
357 4108 452 4169 adhuc
476 4109 631 4171 coluerint.

243 4259 306 4330 (lyr.
327 4262 426 4316 laeli:
445 4262 569 4330 ἐπιφέρει
586 4264 677 4317 πάλιν.

244 4349 306 4418 (lyr.
327 4355 376 4406 137
387 4351 424 4406 E:
442 4353 633 4418 προιεπάγων.

246 4443 297 4493 146
307 4440 332 4491 A
350 4441 393 4493 δτι
408 4441 438 4492 δὲ
453 4442 496 4492 καί
516 4441 532 4492 ὁ
547 4442 648 4507 Μωιῆ(
666 4441 801 4509 traditum
820 4444 869 4497 ἔτι
888 4444 977 4497 δὲκαὶ
992 4444 1008 4496 ὁ
1023 4443 1144 4512 Μωυεῆ(
1158 4444 1272 4501 conicio.
