2926 5040
471 327 512 381 De
532 325 634 381 Iuliani
652 326 788 381 librorum
808 327 882 383 fatie.
1207 330 1249 392 25

96 491 174 553 libro
199 495 309 554 mentio
332 489 404 553 fiat?
440 492 478 554 Et
507 493 576 572 quid
605 495 714 555 mirum
745 496 776 554 in
800 504 902 555 catena
931 497 1058 556 inveniri
1086 497 1248 576 fragmenta

97 600 243 661 librorum
265 609 367 660 contra
386 599 532 660 lulianum
552 603 741 682 scriptorum,
765 603 794 661 in
814 600 922 680 quibus
946 603 1011 661 sieri
1031 621 1089 663 non
1108 606 1249 684 potuerit,

98 711 171 788 quin
199 705 430 768 innumerabiles
464 725 563 768 sacrae
598 711 763 787 scripturae
796 708 853 768 loci
886 707 1129 770 illustrarentur?
1171 710 1248 782 Quid

98 817 221 896 mirum,
254 833 323 875 cum
352 816 382 874 in
412 818 525 876 catenis
554 834 570 874 a
598 814 738 876 Cramero
774 814 903 875 Oxoniae
934 815 1020 875 editis
1048 815 1140 877 multa
1170 819 1250 876 inve-

99 924 219 982 niantur
233 939 269 981 ex
283 921 384 1001 Cyrilli
397 921 587 982 Alexandrini
602 930 704 982 contra
719 922 864 983 lulianum
883 921 967 982 libris
987 913 1114 983 hausta?
1145 922 1248 1002 Neque

98 1029 262 1089 concedere
286 1046 408 1108 possum
432 1028 546 1088 facilius
567 1028 758 1089 Theodorum
777 1027 874 1088 Lucae
898 1026 1031 1089 v.1132
1055 1038 1247 1109 provocatum

98 1115 165 1196 esse
194 1137 284 1196 statui
313 1143 345 1195 ut
373 1154 407 1196 ea
436 1154 510 1215 quae
538 1137 634 1215 primo
663 1134 827 1214 fragmento
857 1138 1047 1196 continentur
1076 1136 1249 1219 disputaret,

99 1261 188 1321 quam
211 1260 247 1302 co
275 1245 341 1322 ipso
366 1245 417 1322 qui
441 1262 475 1303 ea
498 1245 697 1322 excerpsisset
721 1250 902 1303 commotum
926 1261 1005 1322 esse,
1035 1252 1069 1304 ut
1092 1263 1127 1304 ex
1150 1247 1249 1305 istius-

99 1349 179 1409 modi
193 1349 341 1410 Theodori
360 1348 435 1410 libro
455 1350 652 1428 fragmentum
672 1348 744 1410 illud
764 1357 884 1410 catenae
904 1352 1060 1410 insereret.
1093 1351 1125 1410 ln
1146 1351 1250 1412 iuliani

97 1457 179 1516 enim
201 1450 333 1538 verbis1)
362 1458 420 1519 τοῦ
449 1452 541 1532 χάριν
565 1456 649 1517 πολὺ
679 1455 737 1532 μὲν
761 1453 805 1517 εἰ(
832 1455 908 1519 τοὺ(
932 1452 1102 1518 Ἰουδαίου(
1126 1454 1248 1533 ἐπεμπε

97 1560 136 1624 τὸ
155 1561 356 1640 προφητικὸν
375 1560 509 1639 χάριτμα
532 1561 583 1624 καὶ
602 1560 660 1625 τὸν
681 1562 820 1625 Μωυ(έα
840 1562 891 1624 καὶ
911 1561 948 1624 τὸ
968 1565 1081 1639 χρῑ(μα
1105 1564 1156 1625 καὶ
1174 1565 1251 1627 τοὺ(

98 1671 269 1747 προφήτα(
292 1669 343 1732 καὶ
366 1669 425 1732 τὸν
443 1668 544 1746 νόμον
567 1668 676 1732 καὶτὰ
695 1667 862 1746 παράδοξα
886 1669 995 1732 καὶτὰ
1018 1669 1164 1747 τερά(τια
1187 1675 1254 1735 τῶν

99 1775 226 1853 μύθων;
256 1773 395 1839 Ἀκούει(
418 1775 479 1854 γὰρ
503 1775 611 1839 αὐτῶν
636 1775 803 1854 βοώντων
833 1773 932 1853 ἄρτον
956 1774 1104 1853 ἀγγέλων
1129 1777 1254 1857 ἔφαγεν

99 1879 277 1960 ἄνθρωποτ.
317 1880 385 1946 Ἐπὶ
416 1885 530 1947 τέλου(
563 1883 598 1946 δὲ
631 1882 683 1945 καὶ
709 1883 767 1945 τὸν
796 1880 914 1960 Ἰητοθν
943 1881 1088 1960 ἐπεμψεν
1120 1885 1253 1949 ἐκείνοι(

99 1991 173 2051 nihil
196 2010 232 2051 ex
254 1990 334 2052 Luca
357 1993 566 2072 depromptum
593 1994 797 2072 impugnatur,
829 1994 901 2072 quin
925 1994 1014 2052 etiam
1038 2012 1075 2054 ne
1104 1997 1254 2055 invenitur

99 2098 228 2177 quidem.
265 2100 307 2159 dc
331 2118 367 2160 ne
391 2102 428 2160 iis
452 2099 572 2179 quidem
595 2099 694 2160 verbis
701 2148 709 2180 ,
734 2098 842 2178 quibus
865 2099 1042 2159 Theodorus
1067 2101 1180 2161 iuliano
1203 2100 1252 2161 ad-

101 2215 248 2286 versatur,
277 2224 312 2266 ω(
337 2205 433 2267 Lucae
463 2208 612 2287 evangelio
641 2210 799 2287 quicquam
829 2209 959 2268 affertur.
1002 2208 1060 2278 Qui
1088 2216 1187 2267 autem
1217 2227 1253 2267 ex

100 2313 364 2375 celeberrimorum
387 2323 506 2395 patrum
530 2317 650 2394 scriptis
673 2324 807 2376 catenam
832 2334 993 2394 congerere
1018 2315 1162 2396 studeret,
1185 2333 1253 2376 eum

102 2438 188 2480 nemo
213 2420 369 2482 mirabitur
389 2421 479 2482 multa
499 2424 530 2481 in
549 2440 636 2481 usum
657 2441 743 2482 suum
764 2425 956 2503 convertisse,
981 2440 1055 2500 quae
1076 2440 1253 2501 quamquam

101 2529 217 2589 nonde
241 2528 386 2589 industria
406 2529 441 2588 ad
466 2528 673 2589 illustrandum
693 2529 820 2608 aliquem
841 2547 941 2589 sacrae
966 2531 1132 2608 scripturae
1155 2528 1253 2589 locum

100 2637 211 2714 scripta
233 2644 332 2716 erant,
362 2654 394 2695 re
418 2654 486 2696 vera
510 2654 578 2695 eum
602 2634 789 2697 illustrabant
812 2644 862 2696 aut
890 2634 1039 2695 illustrare
1068 2635 1253 2696 videbantur.

99 2743 197 2821 Atque
221 2744 308 2803 etiam
332 2760 400 2802 eum
424 2742 460 2803 de
485 2761 543 2822 quo
567 2761 646 2803 nunc
666 2743 840 2803 disserimus
860 2750 1066 2822 excerptorem
1090 2745 1129 2803 ita
1154 2745 1249 2820 egisse

100 2849 142 2909 nil
166 2851 282 2910 mirum.
326 2849 403 2910 Sunt
426 2852 505 2910 enim
535 2852 565 2910 in
594 2851 758 2929 fragmento
787 2852 883 2930 primo
908 2870 935 2929 p.
954 2849 1003 2933 11,
1020 2848 1060 2911 12
1071 2869 1134 2929 sqq.
1165 2849 1254 2910 verba

99 2956 187 3016 haec:
207 2949 288 3032 Ὑφ’
307 2953 365 3018 ἕνα
384 2951 485 3031 ἄνδρα
503 2955 667 3018 τοτούτων
685 2957 871 3033 γενομένων
891 2957 995 3020 ἐθνῶν
1014 2955 1065 3018 καὶ
1083 2958 1168 3018 θεῶν
1187 2958 1254 3018 τῶν

100 3057 267 3137 ἀρξάντων
291 3061 383 3139 ποτὲ,
410 3060 509 3123 πάλαι
533 3061 591 3138 μὲν
613 3059 677 3124 ὑπὸ
702 3061 863 3126 Μακεδότι
887 3062 997 3141 μόνοι(
1020 3062 1254 3140 γεγενημένων,

101 3163 164 3229 εἴτ’
186 3165 275 3231 αὖθι(
299 3166 362 3230 ὑπὸ
380 3165 556 3246 Ῥωμαίοιτ,
580 3168 631 3230 καὶ
653 3169 836 3246 Ζητούντων
860 3170 946 3248 θεὸν,
971 3168 1077 3251 ᾧπερ
1102 3167 1255 3247 ἀτφαλῶ(

101 3273 378 3341 καταπι(τεύ(ειαν
397 3273 541 3354 deurode,
561 3275 597 3338 ἐν
615 3274 741 3339 τούτοι(
762 3273 855 3354 ὤφθη
873 3275 1003 3353 Χρισὸ(
1023 3275 1074 3338 καὶ
1088 3276 1253 3352 δεομένω(

101 3377 251 3458 ἐπεφάνη
275 3379 355 3443 κατὰ
378 3380 497 3459 καιρὸν,
522 3379 682 3459 πρότερον
706 3381 764 3459 μέν
788 3381 826 3444 οὐ
850 3382 930 3445 κατὰ
952 3380 1043 3459 ἐθνη,
1068 3380 1151 3445 ἀλλὰ
1174 3381 1254 3444 κατὰ

102 3485 205 3566 άνορα
229 3486 439 3564 ἐκλεγόμενο(
464 3485 528 3551 ἀπὸ
551 3493 618 3551 τῶν
641 3489 754 3567 ἐθνῶν,
778 3488 835 3551 οὓ(
854 3486 1015 3567 ἀνεύρι(κε
1035 3489 1254 3566 πειθομένουε,

103 3598 164 3657 νῦν
188 3595 225 3656 δὲ
248 3593 327 3657 κατὰ
350 3592 435 3672 ἔθνη.
478 3596 559 3667 Quae
584 3598 702 3676 quidem
728 3597 831 3676 procul
855 3597 945 3657 dubio
968 3605 1133 3677 potuerunt
1155 3597 1254 3656 afferri

104 3703 141 3763 ad
172 3702 379 3764 illustrandum
412 3722 580 3765 sermonem
615 3705 770 3784 Symecnis
803 3703 873 3765 Luc.
896 3704 923 3764 ll
946 3702 990 3766 30
1010 3724 1072 3784 sqq.
1107 3700 1195 3764 εἶδον
1224 3700 1254 3763 οἱ

103 3807 267 3887 ὀφθαλμοί
295 3828 356 3885 μου
384 3809 422 3871 τὸ
450 3807 605 3888 (ωτήριόν
629 3829 698 3892 (ου,
726 3810 744 3873 ὃ
772 3810 944 3887 ἡτοίμαω(
972 3810 1052 3873 κατὰ
1080 3808 1254 3886 πρό(ωπον

103 3914 237 3978 πάντων
260 3918 326 3978 τῶν
347 3917 444 3993 λαῶν,
468 3919 540 3994 φῶ(
565 3915 608 3979 εἰ(
632 3914 837 3994 ἀποκάλυψιν
856 3917 961 3981 ἐθνῶν
980 3918 1030 3980 καὶ
1055 3915 1152 3979 δόξαν
1172 3917 1253 3977 λαοῦ

103 4041 162 4086 (ου
176 4019 304 4100 Ἰεραήλ.
338 4025 396 4086 Sed
413 4044 487 4105 quae
507 4025 543 4085 ab
558 4034 733 4105 excerptore
752 4027 861 4106 afferri,
879 4025 915 4086 ab
935 4045 970 4086 eo
990 4027 1090 4104 quiin
1109 4032 1253 4104 perpetuo

177 4288 212 4356 1),
223 4287 364 4343 Theodori
382 4288 505 4358 episcopi
522 4287 713 4358 Mopsuesteni
731 4286 761 4340 in
779 4302 883 4342 novum
900 4288 1101 4340 testamentum
1115 4302 1254 4342 commen·

100 4376 241 4432 sariorum
269 4393 340 4446 quac
368 4376 485 4447 reperiri
513 4377 671 4447 potuerunt.
697 4375 738 4430 ed.
764 4375 795 4431 Ο.
818 4374 849 4428 F.
873 4373 1021 4428 Fritzsche.
1059 4374 1153 4428 Turici
1178 4378 1254 4429 1847.

101 4485 130 4537 p.
153 4471 200 4535 10,
219 4471 244 4520 2.
