2926 5040
476 314 516 367 De
536 299 747 368 luliaui'verbis
767 315 976 369 constituendis.
1237 315 1298 379 151

156 479 266 559 quihus
290 475 412 539 ‘codicis
437 476 543 540 nostri’
567 483 731 560 scripturas
753 480 903 542 hubertus
931 489 1032 561 aperte
1065 483 1204 543 indicavit
1232 501 1299 542 cum

153 589 185 647 in
204 605 295 646 unum
316 586 508 647 contulissem
523 589 619 667 iisque
635 588 745 648 codicis
760 588 946 649 Monacensis
960 589 1048 650 verba
1068 589 1301 668 adscripsissem,

153 692 329 772 plerumque
354 693 471 753 codices
490 696 660 754 consentire
676 694 886 775 animadverti,
910 695 961 754 sed
986 708 1208 774 nonnumquam
1230 695 1300 755 alte-

155 818 220 859 rum
244 799 280 859 ab
304 800 396 883 altero
421 800 549 860 dillerre.
582 801 623 862 lta
648 821 676 880 p.
694 796 739 861 45
763 801 786 860 D
808 799 825 862 7
851 797 893 861 ‘in
918 800 1041 880 exempl.
1066 798 1180 863 nostro’
1204 804 1301 881 inquit

155 906 304 967 hubertus
328 902 445 967 ‘vitiose
464 910 609 987 scriptum
629 917 692 968 erat
711 907 761 969 καὶ
781 903 889 984 beiuc',
913 909 965 969 sed
985 908 1170 968 Monacensis
1189 917 1300 967 rectam

155 1013 274 1074 exhibet
294 1015 472 1093 scripturam
492 1010 572 1074 λίαν.
594 1014 652 1074 'Et
674 1035 702 1094 p.
717 1012 759 1075 47
780 1013 836 1076 C8
860 1017 891 1075 in
916 1011 1030 1075 ‘codice
1050 1010 1163 1075 nostro’
1186 1014 1301 1094 legeba-

154 1130 203 1181 tur
226 1117 442 1195 εὐψυχῶεθαιε
472 1119 495 1181 Β
517 1118 533 1180 1
559 1119 682 1198 praehet
705 1120 901 1196 ἐψυχῶεθαι,
929 1122 981 1182 sed
1004 1123 1044 1181 ita
1069 1133 1234 1202 exaratum,
1257 1132 1302 1183 ‚ut

153 1246 168 1286 a
188 1225 309 1286 librario
329 1227 496 1306 neglegenti
514 1226 572 1304 legi
592 1230 723 1304 potnerit
742 1225 954 1303 εὐψυχώεθαι.
992 1227 1095 1306 Neque
1114 1227 1169 1288 alia
1192 1228 1301 1289 desunt

154 1333 294 1412 exempla.
333 1332 391 1393 Sed
416 1332 468 1393 uhi
491 1342 536 1393 est
560 1334 749 1412 apographon
772 1334 843 1395 illud
868 1334 979 1394 codicis
1002 1333 1197 1414 Monacensis,
1221 1335 1300 1413 qnod

153 1439 288 1500 adhibuit
315 1438 489 1500 hubertus?
531 1439 564 1499 ln
588 1439 754 1519 Britannia,
782 1443 896 1520 opinor.
939 1438 1061 1501 Librum
1090 1443 1168 1501 enim
1192 1441 1300 1500 Medio-

154 1557 339 1625 moutanum,
369 1565 448 1606 nunc
477 1546 786 1627 Cheltenhamensem,
822 1565 914 1608 unum
943 1555 1060 1607 constat
1088 1565 1153 1606 esse
1181 1555 1301 1625 praeter

152 1655 361 1714 Monacensem
384 1661 415 1712 et
438 1653 583 1713 Venatum
607 1653 629 1709 V
653 1653 753 1733 Cyrilli
774 1654 923 1733 codicem,
952 1656 1004 1733 qui
1026 1664 1130 1714 contra
1153 1653 1300 1713 lulianum

152 1761 237 1822 libris
260 1760 401 1820 adiecerit
424 1758 533 1819 librum
553 1769 656 1818 contra
680 1758 989 1838 anthropomorphitas
1013 1763 1166 1839 scriptum.
1204 1760 1301 1838 Atque

152 1870 182 1928 in
206 1867 375 1926 Monacensi
405 1865 523 1943 quidem
549 1865 697 1942 quomodo
721 1865 785 1925 lieri
808 1869 954 1948 potuerit,
981 1875 1015 1927 nt
1037 1866 1105 1926 libri
1128 1874 1232 1927 contra
1255 1867 1301 1926 ln·
1332 1891 1335 1894 ’

153 1972 264 2032 lianum
282 1971 380 2032 l.—V.
405 1980 435 2031 et
454 1970 579 2032 Vl.-X.
603 1975 773 2034 intermisso
797 1972 872 2032 libro
897 1982 1000 2034 contra
1024 1971 1299 2051 anthropomorphi-

154 2088 197 2139 tas
216 2087 436 2158 separarentur,
460 2097 549 2157 supra
569 2081 707 2160 exposni3
730 2082 765 2161 ie,
786 2081 836 2158 qui
856 2079 1125 2141 Mediomoutanum
1145 2079 1181 2139 de
1202 2079 1299 2138 Mona-

153 2188 235 2246 censi
254 2185 355 2245 codice
375 2185 542 2268 descripsit,
565 2189 732 2247 rectissime
752 2186 887 2246 ordinem
907 2189 1030 2247 mutavit
1049 2195 1079 2247 et
1101 2186 1210 2246 librum
1229 2204 1298 2245 con·

154 2300 198 2352 tra
218 2292 528 2370 anthropomorphitas
545 2295 646 2372 posui-t
664 2300 731 2371 post
750 2293 898 2354 decimum
913 2293 1085 2353 lulianeum.
1114 2292 1297 2369 Quamquam

155 2397 366 2477 reprobaretur
385 2401 531 2460 sententia
551 2417 624 2480 mea,
648 2401 673 2458 si
693 2407 774 2460 recte
794 2399 953 2460 llaenelius
977 2398 1096 2461 saeculo
1114 2398 1172 2458 XV.
1191 2398 1301 2459 Medio-

156 2514 328 2566 moutanum
352 2505 519 2586 tribuisset3
547 2524 615 2566 nam
644 2505 761 2566 saeculo
785 2505 857 2566 XVI,
881 2480 1066 2566 Monacensis
1093 2504 1209 2565 videtur
1233 2523 1299 2565 esse

154 2620 299 2673 exaratus.
341 2611 444 2691 Neque
474 2621 570 2672 tamen
599 2615 638 2673 ita
670 2613 754 2673 lacile
779 2620 825 2673 est
852 2620 983 2673 statuere
1013 2612 1145 2675 codicem
1174 2611 1301 2689 aliquem

154 2720 272 2780 saeculo
295 2718 370 2799 XV.,
398 2737 457 2778 non
481 2718 552 2778 XVl.
586 2727 738 2780 exaratum
769 2737 835 2779 esse
863 2737 961 2798 neque
994 2721 1150 2798 quisquam
1183 2717 1302 2797 negabit
1400 2734 1406 2740 ’

153 2824 327 2887 Maenalium
351 2827 381 2885 in
405 2844 439 2885 ea
462 2843 495 2885 re
520 2840 620 2885 errare
644 2828 786 2904 potuisse.

241 2931 282 2991 De
302 2950 361 2992 rrno
382 2931 483 2991 codice
502 2935 590 2992 etiam
610 2932 820 3010 disputandum
835 2939 890 3013 est,
911 2933 948 2992 de
962 2932 1097 2992 Parisino
1114 2933 1203 3012 Regio
1223 2951 1300 2992 anno

156 3035 237 3100 1537
263 3047 390 3098 exarato.
442 3038 484 3098 De
507 3057 566 3118 quo
591 3039 660 3099 Otto
684 3039 808 3099 Cresius
832 3041 974 3119 temporis
998 3041 1143 3118 angustiis
1167 3038 1300 3098 inclusus

153 3163 301 3226 perpauca
337 3161 454 3205 mecum
490 3148 708 3206 communicare
740 3148 852 3227 potuit,
892 3165 958 3206 cum
992 3154 1133 3224 quattuor
1166 3145 1300 3205 locorum

153 3254 317 3331 scripturas
344 3250 494 3311 Aubert'ns
522 3251 690 3312 indicasset.
737 3253 819 3322 Quae
848 3271 916 3313 cnm
943 3254 983 3313 ita
1012 3254 1085 3332 sint,
1109 3260 1224 3312 certum
1249 3251 1299 3311 ali·

152 3359 223 3438 qnid
243 3358 279 3418 de
299 3376 333 3417 eo
354 3365 483 3417 statuere
504 3376 563 3417 non
581 3377 713 3440 possum,
732 3361 932 3420 coniecturam
955 3376 1098 3438 propono.
1143 3356 1260 3417 Codicis
1280 3356 1302 3415 V

152 3465 341 3546 apographon
368 3463 521 3524 Parisinus
550 3482 608 3523 non
637 3473 696 3545 est,
726 3483 791 3524 nam
820 3464 939 3525 exhibet
968 3464 1055 3525 verba
1085 3459 1126 3524 75
1153 3459 1301 3542 utsqq,

152 3591 227 3651 quae
261 3573 291 3630 in
321 3570 371 3630 illo
404 3570 525 3650 desunt,
563 3570 643 3630 idem
680 3570 716 3630 de
749 3571 850 3631 codice
884 3569 913 3632 Ψ
949 3570 1139 3631 statuendum
1173 3570 1243 3649 erit,
1276 3571 1301 3655 si

152 3677 275 3738 eandem
299 3676 432 3737 lacunam
456 3679 487 3736 in
507 3695 541 3736 eo
564 3678 692 3737 inveniri
712 3677 871 3738 verisimile
895 3685 948 3738 est.
997 3677 1057 3737 lam
1078 3694 1147 3736 vero
1166 3673 1225 3754 p.3
1245 3669 1301 3734 135

152 3784 306 3844 Parisinus
334 3785 444 3843 omittit
471 3802 573 3844 vocem
596 3781 668 3859 τρία
692 3803 788 3862 neque
813 3786 843 3843 in
872 3786 908 3844 iis
925 3783 1037 3864 verbis,
1065 3801 1141 3862 quae
1169 3789 1300 3842 extrema

152 3889 274 3950 exhibet
301 3888 343 3970 (p.
366 3887 428 3950 109
447 3889 470 3949 Β
488 3883 536 3972 1),
570 3889 669 3951 dillert
697 3909 713 3951 a
746 3890 885 3951 Marciani
915 3889 947 3952 M
976 3893 1137 3970 scriptura:
1170 3907 1237 3948 nam
1260 3885 1301 3963 ἦν

152 3994 237 4058 εἰκὸς
265 3997 295 4056 in
324 4014 359 4056 eo
383 3996 524 4057 scribitur
547 4015 601 4075 pro
627 3993 710 4058 εἰκὸ(
733 3995 780 4074 ἠν.
828 3998 888 4057 lam
916 4015 986 4057 vero
1017 3999 1042 4057 si
1066 3995 1299 4057 consideraveris

151 4112 272 4182 praeter
305 4120 372 4162 eum
405 4104 435 4162 in
469 4102 531 4162 solo
565 4103 667 4163 codice
701 4102 881 4164 Scorialensi
909 4101 949 4185 Ω,
987 4121 1074 4182 quem
1112 4100 1301 4181 apographon

150 4228 218 4270 esse
251 4216 368 4270 constat
395 4209 535 4269 Marciani
564 4207 610 4288 tt,
643 4210 773 4288 singulas
806 4212 926 4290 paginas
958 4210 1036 4270 binis
1064 4209 1211 4270 columnis
1235 4227 1300 4268 esse

151 4324 304 4397 exaratas,
348 4315 384 4376 de
422 4311 486 4394 ipso
525 4315 704 4376 Scorialensi
741 4313 768 4376 Ω
804 4316 970 4377 Parisinum
1013 4316 1194 4394 descriptum
1232 4332 1299 4374 esse

151 4441 292 4483 corneres.
