2926 5040
198 343 260 406 136
697 340 787 410 Caput
805 341 839 394 Il.

195 508 289 569 Esdra
318 515 417 568 essent
445 507 634 587 interpolata,
666 506 775 586 ubique
804 507 927 569 dubium
956 527 1035 590 esse,
1064 517 1166 570 utrum
1189 508 1281 568 Mosis
1309 527 1344 568 an

195 615 307 676 Esdrae
331 613 419 674 verba
443 614 622 693 legerentur.

741 753 792 817 27.

285 882 483 961 Hieronymus
507 897 612 940 comm.
635 881 666 940 in
685 878 761 941 Osee
786 880 834 941 lib.
854 879 902 940 lll.
926 900 988 961 cap.
1008 880 1056 940 Xl.
1076 873 1145 963 (vol.
1165 880 1210 940 Vl.
1233 899 1261 960 p.
1284 875 1344 941 123
1410 857 1416 868 x

197 988 267 1049 Vall.
288 983 346 1072 2.);
381 984 478 1049 ‘Hunc
503 980 634 1070 locum1)
662 989 692 1047 in
717 991 842 1068 septimo
869 987 1018 1048 volumine
1041 988 1172 1049 lulianus
1195 989 1345 1066 Augustus

198 1095 277 1174 quod
301 1096 457 1155 adversum
482 1111 549 1172 nos,
572 1091 602 1151 id
626 1102 684 1172 est,
713 1091 895 1153 Christianos
919 1095 1063 1175 evomuit,
1091 1093 1290 1155 calumniatur
1317 1101 1345 1154 et

199 1203 283 1263 dicit:
320 1201 404 1272 Quod
434 1201 470 1260 dc
500 1198 590 1259 lsrael
620 1201 763 1278 scriptum
792 1208 850 1278 cst,
877 1198 1043 1261 Matthaeus
1071 1194 1283 1282 evangelista²)
1312 1200 1347 1260 ad

200 1306 352 1367 Christum
376 1305 536 1384 transtulit,
560 1314 593 1365 ut
617 1305 797 1383 simplicitati
820 1324 933 1388 eorum,
956 1308 1008 1384 qui
1031 1307 1066 1367 de
1091 1306 1230 1386 gentibus
1254 1306 1347 1367 credi·

199 1414 312 1493 derant,
336 1407 494 1471 illuderet?

173 1575 177 1581 .
289 1519 385 1597 Supra
409 1519 532 1597 exposui
556 1517 746 1578 statuendum
770 1537 836 1578 esse
854 1517 1068 1598 Hieronymum
1092 1518 1165 1579 haec
1185 1517 1291 1578 Iuliani
1314 1537 1352 1578 ex

200 1628 326 1706 septimo
355 1626 542 1685 refutationis
571 1625 724 1685 cuiusdam
755 1624 831 1685 libro
864 1633 978 1703 septem
1007 1625 1092 1686 libris
1120 1624 1272 1686 absolutae
1302 1625 1353 1684 de·

199 1733 390 1812 prompsisse.
433 1730 496 1801 Qua
530 1733 555 1790 si
583 1730 714 1808 singulae
747 1733 812 1791 eius
844 1732 1077 1810 vituperationes
1110 1731 1216 1792 eodem
1247 1730 1354 1792 ordine

201 1856 259 1919 quo
289 1839 416 1916 scriptae
448 1844 532 1896 erant
566 1837 702 1897 defensae
732 1845 831 1919 crant,
863 1856 878 1897 e
912 1840 1001 1898 tertio
1030 1837 1105 1898 libro
1123 1838 1280 1899 'haustum
1308 1847 1357 1900 est
1432 1834 1442 1848 ”

201 1946 399 2023 fragmentum
424 1942 459 2001 ab
483 1942 662 2023 Hieronymo
686 1943 771 2004 nobis
795 1951 953 2004 servatum.
990 1945 1093 2023 Neque
1121 1963 1193 2005 vero
1217 1963 1357 2024 comper·

201 2061 263 2113 tum
279 2051 307 2111 id
323 2049 474 2110 habemus.
499 2049 545 2109 Nil
561 2052 652 2128 igitur
666 2051 798 2132 impedit,
813 2070 850 2110 ne
865 2050 951 2111 alteri
965 2050 1051 2132 libro,
1066 2070 1125 2130 quo
1141 2051 1177 2112 de
1193 2032 1357 2130 evangeliis

202 2157 357 2238 agebatur,
381 2156 547 2216 tribuamus
570 2156 708 2217 Matthaei
731 2157 1002 2235 reprehensionem.

748 2331 799 2396 28.

290 2459 391 2520 Matth.
411 2457 441 2540 9,
460 2457 479 2518 9
504 2457 554 2519 καὶ
573 2455 730 2534 παράγων
750 2456 768 2519 ὁ
792 2455 907 2544 'incoli-c
933 2459 1055 2522 ἐκεῖθεν
1074 2456 1161 2522 εἶδεν
1180 2456 1361 2536 ἄνθρωπον

204 2566 383 2644 καθήμενον
398 2563 449 2626 ἐπὶ
463 2563 501 2627 τὸ
516 2563 680 2641 τελώνιον,
696 2550 866 2628 Μαθθαῗον
881 2563 1065 2642 λεγόμενον,
1086 2565 1137 2628 καὶ
1152 2565 1239 2640 λέγει
1254 2563 1361 2647 αὐτῷ·
1419 2569 1422 2572 ’

116 2718 120 2725 -
205 2669 374 2734 ἀκολούθει
399 2690 458 2747 μοι.
482 2670 533 2732 καὶ
556 2669 693 2733 ἀναετὰ(
717 2671 886 2747 ἠκολούθει
910 2671 1005 2754 αὐτῷ.

294 2779 493 2857 Hieronymus
517 2797 622 2839 comm.
641 2781 672 2840 in
691 2779 792 2840 Matth.
811 2780 863 2840 lib.
882 2780 903 2841 l.
924 2789 1012 2860 caput
1030 2778 1078 2839 lX.
1098 2774 1176 2863 (roc.
1190 2778 1249 2840 Vll.
1270 2801 1301 2860 p.
1317 2777 1363 2842 50

205 2885 276 2946 Vall.
296 2882 346 2968 2):
374 2886 479 2964 Arguit
502 2887 533 2945 in
561 2885 705 2946 hocloco
729 2878 786 2969 (sc.
809 2887 910 2947 Matth.
930 2885 964 2967 9,
984 2881 1019 2970 9)
1049 2885 1232 2966 Porphyrius
1256 2895 1289 2948 et
1313 2887 1363 2948 lu-

206 2994 302 3053 lianus
325 2992 476 3071 Augustus
499 2991 545 3052 vel
568 2994 747 3072 imperitiam
775 2992 910 3053 historici
934 2995 1105 3054 mentientis
1129 2992 1175 3052 vel
1199 2991 1362 3054 stultitiam

207 3119 311 3160 eorum
344 3101 395 3178 qui
426 3101 524 3158 statim
557 3101 653 3158 secuti
681 3107 752 3160 sunt
783 3099 970 3181 salvatorem,
1003 3102 1087 3178 quasi
1114 3099 1364 3159 irrationabiliter

208 3205 370 3286 quemlibet
394 3214 546 3265 vocantem
569 3205 720 3265 hominem
744 3208 804 3266 sint
828 3207 931 3266 secuti.

621 3482 623 3486 ,
674 3413 781 3478 fortio
805 3413 889 3478 libro

212 3579 320 3621 censeo
345 3563 440 3639 egisse
459 3559 605 3620 lulianum
625 3559 660 3619 de
679 3563 749 3620 novi
771 3563 941 3622 testamenti
959 3570 1078 3640 praeter
1097 3560 1246 3639 evangelia
1267 3561 1366 3623 libris.

211 3666 323 3729 Eodem
343 3666 430 3726 modo
454 3665 621 3746 philosophi
639 3666 797 3727 Macariani
816 3665 889 3742 περὶ
911 3667 977 3728 τῶν
996 3661 1229 3742 ἀπορουμένων
1253 3666 1290 3729 ἐν
1315 3672 1366 3750 τῷ
1390 3722 1392 3727 .

212 3770 390 3852 εὐαγγελίῳ
419 3772 648 3851 disputationem
681 3773 845 3853 excipiebat
874 3771 984 3849 ἑτέρα(
1008 3770 1190 3836 ὑποθέεεω(
1218 3768 1301 3850 ἀρχὴ
1329 3773 1368 3838 ἐκ

211 3881 277 3942 τῶν
301 3874 451 3954 πράξεων
475 3878 525 3940 καὶ
548 3882 606 3941 τοῦ
630 3875 821 3942 ἀποετόλον.
860 3880 902 3940 Cf.
925 3863 1031 3941 lllacar.
1054 3881 1149 3960 Magn.
1173 3879 1217 3939 ed.
1237 3879 1369 3941 Blondel

212 4006 241 4067 p.
262 3983 361 4067 48‚2
385 3983 490 4067 et48,
511 3984 560 4047 19.
597 3985 700 4065 Neque
724 4006 793 4047 vero
818 3990 975 4066 quicquam
999 3986 1105 4048 loliani
1132 3989 1172 4046 ita
1200 3985 1287 4047 nobis
1319 3999 1369 4050 est

214 4101 376 4173 servatum,
401 4100 433 4152 ut
457 4092 492 4152 de
517 4095 606 4154 tertio
630 4100 733 4153 contra
756 4093 940 4154 Christianos
963 4092 1038 4153 libro
1063 4092 1272 4172 depromptum
1296 4113 1369 4156 esse

214 4200 398 4261 indicaretur
420 4207 540 4279 praeter
567 4200 764 4277 fragmentum
792 4199 864 4260 illud
888 4218 904 4259 a
928 4198 1050 4259 Socrate
1073 4197 1102 4258 h.
1122 4217 1147 4259 e.
1170 4194 1272 4261 11123
1296 4200 1370 4261 alla·

288 4373 313 4441 1)
334 4371 402 4427 Osee
421 4370 461 4424 XI
481 4378 509 4425 1:
528 4387 562 4425 ex
581 4370 709 4441 Aegypto
729 4369 829 4426 vocavi
846 4370 935 4425 filium
954 4386 1055 4425 meum.

287 4463 313 4532 2)
333 4461 433 4516 Matth.
453 4461 479 4514 Π
499 4466 538 4514 lo.
