2926 5040
473 346 515 401 De
534 346 635 401 Iuliani
654 347 789 400 librorum
807 346 881 400 fabis.
1209 346 1251 414 35

102 509 252 571 Lambecii
272 511 466 573 bibliothecae
486 513 645 574 Caesareae
665 512 902 575 Vindobonensis
920 510 989 571 libri
1008 514 1104 590 quinti
1123 513 1252 572 editione

102 616 204 699 altera,
228 637 315 697 quam
335 622 449 680 cirravit
467 619 625 700 llollarius‚
648 618 760 699 publici
783 622 858 680 iuris
882 620 957 679 iacta
981 637 1005 678 a.
1028 616 1112 680 1778
1132 638 1159 698 p.
1179 615 1253 689 289,

43 704 47 712 ¹
103 721 180 783 Sunt
203 731 302 784 autem
321 724 393 785 haec
411 728 507 804 prima
530 727 688 805 fragmenti
707 726 810 787 verba:
833 723 873 786 τὰ
891 721 1050 800 γενόμενα
1069 723 1105 787 ἐν
1124 721 1254 800 Περείδι

33 907 36 911 ¹
102 829 219 904 μεταξὺ
240 829 433 907 Χριετιανῶν
456 830 618 910 Ἑλλήνων
642 852 677 895 τε
703 831 753 895 καὶ
772 828 941 895 Ἰουδαίων.
975 828 1135 893 Φίλιππος
1159 850 1253 908 πρεε-

103 933 237 1012 βύτεροε
259 936 310 999 καὶ
334 937 505 1013 (bacellos
529 936 705 1015 γενόμενος
724 936 875 1002 Ἰωάννου
899 935 1146 1014 ἀρχιεπιεκόπου
1167 938 1253 1001 Κων·

102 1042 398 1107 (τανῐινουπόλεωε
430 1048 488 1107 τοῦ
522 1044 744 1124 Χρυεοετόμου
779 1044 912 1109 ἀνέθετο
921 1041 946 1127 ¹)
986 1042 1150 1124 ἱετορήεα(
1181 1044 1254 1121 περὶ

103 1148 238 1226 Χριετοῡ
267 1151 318 1213 καὶ
345 1153 412 1215 τῶν
437 1150 568 1228 Μάγων.
612 1154 655 1214 Ex
685 1174 720 1216 eo
748 1158 840 1234 igitur
868 1154 944 1215 libro
973 1154 1181 1233 depromptum
1210 1161 1255 1212 est

102 1258 314 1341 fragmentum,
342 1249 394 1321 uhi
421 1261 458 1321 de
483 1261 599 1322 Christo
629 1270 696 1323 nato
726 1262 874 1324 referebat
896 1262 1058 1341 Philippus.
1101 1261 1159 1330 Qui
1182 1260 1255 1320 dicit

102 1364 160 1425 hoc
192 1365 257 1426 loeo
290 1368 453 1448 syncellum
486 1388 518 1429 se
553 1389 618 1430 esse
656 1370 775 1431 loannis
805 1369 1008 1449 chrysostomi
1040 1367 1256 1446 archiepiscopi

88 1471 428 1554 ‚Constantinopolitani
476 1475 534 1546 Qui
561 1494 630 1537 cum
657 1475 782 1556 adeptus
810 1478 849 1537 sit
878 1477 1082 1564 episcopatum
1110 1491 1134 1532 a.
1158 1471 1186 1532 d.
1209 1468 1255 1533 iv.

103 1577 166 1639 llal.
184 1579 267 1640 biart.
291 1598 315 1640 a.
335 1577 409 1664 398,
433 1583 606 1643 inexilium
631 1591 751 1643 exactus
775 1601 799 1641 a.
823 1582 850 1641 d.
875 1580 938 1642 Xll.
969 1579 1032 1640 uu.
1055 1579 1109 1641 lul.
1133 1598 1157 1639 a.
1180 1575 1257 1660 404,

105 1690 314 1764 cognoscimus
336 1690 405 1749 iude
429 1692 572 1769 temporis
596 1692 738 1770 spatium,
766 1707 824 1768 quo
849 1691 978 1768 scriptus
1002 1690 1041 1748 sit
1064 1706 1187 1748 necesse
1211 1693 1257 1746 est

103 1793 130 1851 is
154 1791 191 1852 tle
215 1811 274 1872 quo
298 1797 411 1874 agimus
435 1795 576 1856 historiae
600 1795 785 1858 Christianae
809 1795 893 1856 liber.
931 1794 989 1866 Qui
1012 1802 1110 1855 tamen
1136 1797 1257 1855 minime

104 1900 197 1958 totius
216 1902 316 1978 operis
335 1901 391 1961 luit
408 1902 532 1979 primus.
570 1901 668 1963 Testis
688 1905 767 1962 enim
787 1910 833 1962 est
851 1901 985 1980 Photius,
1008 1903 1038 1961 in
1058 1900 1256 1961 bibliothecae

105 2005 207 2065 codice
231 2002 288 2088 35,
317 2008 435 2067 initium
459 2027 528 2068 eum
556 2009 663 2068 iecisse
692 2027 708 2069 a
737 2008 840 2070 mundi
864 2010 1023 2069 creatione.
1065 2003 1257 2082 Ἀπάρχεται

105 2109 150 2186 δὲ,
173 2112 279 2192 inquit,
301 2107 367 2174 ἀπὸ
390 2115 448 2175 τοῦ
473 2110 521 2176 ’ἐν
544 2111 625 2196 ἀρχῇ
649 2113 798 2192 ἐποίηεεν
821 2112 840 2175 ὁ
861 2112 935 2176 θεὸς
958 2111 1017 2175 τὸν
1040 2111 1182 2189 οὐρανὸν
1205 2111 1257 2173 καὶ

10 2248 15 2257 ·
104 2217 164 2294 νὴν
187 2213 259 2294 τῆν’
283 2216 334 2280 καὶ
353 2219 475 2284 διέξειει
494 2219 534 2282 τὰ
552 2221 610 2297 μὲν
629 2221 812 2299 (υντέμνων
835 2221 893 2298 τὴν
913 2220 1084 2295 Μωεαῑκὴν
1107 2216 1256 2294 ἱετορίαν,

104 2320 193 2399 ὅμως
217 2320 276 2385 οὖν
299 2327 441 2387 πολλοὺς
465 2325 501 2389 ἐν
529 2328 603 2388 πᾶει
633 2325 751 2402 λόγου(
775 2324 962 2389 ἀναλίεκων.
1004 2325 1064 2385 lam
1093 2344 1163 2385 vero
1188 2344 1256 2386 cum

104 2431 191 2492 libris
209 2434 330 2510 triginta
349 2451 400 2493 sex
419 2437 603 2495 constitisset
626 2435 762 2509 historia,
786 2436 906 2494 minime
931 2432 1106 2493 statuendus
1125 2439 1171 2491 est
1189 2431 1257 2491 Phi·

105 2537 205 2616 lippus
228 2539 286 2598 iam
308 2541 404 2617 primo
425 2540 501 2600 libro
521 2539 557 2600 ad
577 2539 727 2602 Christum
747 2548 848 2601 natum
868 2541 1069 2600 narrationem
1090 2536 1257 2598 deduxisse.

106 2643 186 2722 Ergo
214 2644 307 2705 multo
335 2655 403 2707 ante
431 2649 560 2726 scriptus
588 2653 635 2706 est
662 2649 777 2726 primus
806 2646 946 2708 historiae
970 2636 1154 2705 Christianae
1182 2643 1258 2704 liber

25 2792 28 2796 -
106 2757 138 2810 et
161 2751 249 2810 etiam
276 2753 362 2830 prius
389 2755 557 2832 conscripta
584 2753 729 2814 librorum
753 2753 953 2814 lulianeorum
981 2752 1130 2811 refutatio.
1176 2749 1257 2820 Quos

107 2866 141 2918 ut
165 2859 352 2937 impugnaret
375 2860 484 2938 quibus
503 2863 601 2921 causis
619 2870 772 2940 permotus
797 2863 835 2921 sit
853 2859 1007 2938 Philippus
1031 2858 1151 2917 omnino
1174 2859 1257 2936 igno·

108 2983 217 3026 ramus.
254 2964 356 3044 Neque
386 2973 484 3026 tamen
515 2967 633 3027 ridetur
661 2965 878 3045 neglegendum
907 2983 973 3026 esse
1001 2965 1093 3024 luisse
1117 2962 1258 3023 loannem

108 3071 351 3152 Chrysostomum
372 3075 469 3152 ipsum
484 3091 604 3152 quoque
618 3073 733 3133 Libanii
752 3072 944 3154 discipulum3
964 3071 1099 3132 conferas
1118 3068 1205 3129 velim
1224 3087 1266 3129 ea.

108 3196 185 3256 quae
214 3197 303 3258 supra
337 3181 461 3257 exposui
493 3179 530 3238 de
558 3179 715 3239 Theodoro
743 3179 963 3260 Mopsuesteno.
1004 3176 1131 3236 Secutus
1159 3182 1258 3235 autem

111 3293 157 3345 est
180 3286 269 3345 etiam
292 3285 446 3364 Philippus
469 3285 587 3346 scholae
611 3286 811 3347 Antiochenae
835 3287 1014 3363 doctrinam,
1036 3282 1066 3342 id
1091 3280 1170 3360 quod
1193 3300 1261 3360 per·

109 3392 206 3451 tinere
233 3391 268 3451 ad
293 3392 441 3452 refutandi
467 3390 535 3452 libri
554 3391 678 3452 lulianei
703 3395 849 3453 rationem
877 3391 981 3451 eodem
1008 3388 1072 3449 loco
1099 3388 1258 3468 explanavi.

109 3497 213 3576 Neque
236 3515 307 3557 vero
333 3497 474 3558 traditum
498 3506 553 3580 est,
577 3499 725 3577 quomodo
749 3501 891 3578 inscripta
914 3498 1005 3557 luerit
1027 3495 1155 3575 Philippi
1178 3496 1258 3556 reln-

110 3607 184 3665 tatio
213 3622 310 3684 neque
337 3612 410 3683 quot
437 3603 521 3665 libris
548 3607 724 3666 constiterit.
767 3605 901 3676 Quorum
929 3621 989 3663 non
1015 3621 1139 3682 parvum
1167 3603 1259 3663 luisse

111 3729 271 3774 numerum
299 3711 384 3771 iacile
408 3718 534 3791 statues,
564 3714 589 3771 si
612 3711 739 3791 Philippi
769 3712 949 3790 spectaveris
977 3708 1127 3770 scribendi
1155 3726 1259 3787 genus,

111 3818 206 3880 Cuius
220 3819 385 3878 sententiae
404 3820 493 3878 etiam
508 3826 604 3879 exstat
618 3810 748 3879 Liberati
767 3820 983 3896 testimonium,
1002 3818 1102 3894 quiin
1122 3815 1261 3876 breviarii

111 3927 209 4006 capite
232 3923 290 3984 Vll.
314 3917 475 4005 (Caliordi,
498 3924 567 3986 bibl.
591 3932 647 3985 vet.
671 3934 745 4004 patr.
764 3923 818 3984 Xll
841 3944 868 4004 p.
894 3920 1007 4003 131a):
1030 3921 1106 4004 „llis
1128 3916 1193 3982 ita“
1215 3924 1258 3983 in·

111 4034 179 4112 quit
200 4029 472 4113 „provenientibus
495 4031 532 4091 de
556 4031 701 4092 electione
725 4034 857 4111 episcopi
880 4049 985 4090 rursus
1006 4031 1138 4108 quaestio
1158 4036 1261 4089 exorta

113 4146 171 4199 est.
208 4137 294 4198 llulti
317 4139 395 4197 enim
419 4137 588 4217 Philippum
613 4138 795 4217 quaerebant
816 4137 1037 4218 presbyterum,
1060 4136 1112 4214 qui
1135 4154 1151 4195 a
1175 4134 1261 4196 beato

110 4246 222 4306 loanne
247 4252 442 4324 cognomento
461 4244 670 4324 Chrysostomo
693 4246 835 4306 diaconus
858 4246 955 4306 luerat
979 4243 1133 4303 ordinatus
1155 4241 1260 4304 multa-

186 4472 214 4540 1)
232 4469 415 4525 Scribonium
433 4485 494 4524 esee
511 4468 582 4524 mihi
599 4468 711 4523 videtur
728 4468 865 4523 ωνὲθετο.

1011 4554 1048 4611 3*
