2926 5040
466 335 508 390 De
527 333 629 389 Iuliani
646 333 783 390 librorum
800 333 874 389 istis.
1204 327 1245 393 73

98 498 254 578 Κυρίλλου
283 500 330 564 ἐκ.
345 504 403 565 τοῦ
427 494 451 564 ε’
481 498 581 575 λόγου
608 502 675 564 τῶν
703 499 782 563 κατὰ
805 495 987 563 Ἰονλιανοῦ
1025 497 1090 568 Qua
1117 516 1150 557 rc
1178 515 1245 577 per·
1290 523 1295 531 «

96 619 197 670 meins
216 611 331 670 conicio
350 612 448 689 ipsum
462 609 602 669 loannem
617 607 830 668 Damascenum
850 622 976 685 errasse,
995 601 1047 663 ubi
1065 604 1214 683 excerpsit
1221 597 1245 685 ¹)

21 706 25 712 ’
97 717 198 797 Cyriiii
221 717 321 778 libros.
364 717 407 777 Ex
431 736 465 776 ea
493 723 592 777 autem
615 714 737 795 scheda,
769 717 799 774 in
828 731 885 793 qua
909 728 1052 780 numerus
1079 727 1140 769 non
1163 717 1245 771 recte

97 826 228 904 scriptus
260 832 337 906 erat,
373 825 398 885 si
431 822 547 883 duobus
579 822 653 883 iocis
686 823 844 900 exscripsit
875 819 1086 898 fragmentum,
1117 823 1245 897 utroque

100 931 165 991 icco
189 930 292 991 debuit
314 948 425 992 errare.

644 1070 696 1134 22.

186 1200 231 1260 Ex
254 1199 354 1261 ioann.
379 1199 509 1260 Damaso.
534 1218 562 1279 p.
577 1196 651 1260 479.
683 1196 749 1260 Τοῦ
774 1193 882 1258 αὐτοῦ.

186 1303 224 1369 Ὁ
247 1308 315 1367 τοῖς
338 1304 374 1367 ἐν
397 1303 504 1385 ἐνδείᾳ
532 1303 584 1367 καὶ
611 1303 869 1382 πτωχευομένοις
896 1299 955 1364 τὸν
982 1297 1065 1363 ἴδιον
1089 1300 1248 1377 διανέμων

98 1413 256 1488 πλοῦτον,
280 1409 318 1472 οὐ
342 1406 551 1494 πτωχεύςειέ)
576 1410 664 1475 ποτέ.
702 1409 805 1487 ὁγὰρ
829 1409 931 1473 ἐλεῶν
951 1407 1083 1484 πτωχὸν
1106 1411 1171 1488 θεῷ
1195 1409 1248 1468 δα-

98 1517 206 1594 νείζει,
230 1514 333 1594 φηςίν.
371 1513 544 1594 ἀξιόχρεως
572 1515 591 1579 6
615 1514 851 1594 δανειζόμενος,
880 1515 988 1579 πιςτὸς
1018 1512 1036 1576 6
1065 1511 1248 1590 δεχόμενος.

24 1702 29 1709 ,
99 1622 188 1688 οίδεν
213 1623 329 1687 ἐκτῑςαι
348 1622 404 1685 εῦν
422 1620 506 1704 τόκῳ
525 1621 563 1685 τὸ
582 1623 686 1687 δοθέν.
724 1621 876 1686 πλούςιος
895 1622 945 1684 καὶ
965 1615 1134 1699 φιλότιμος
1153 1618 1172 1683 6
1190 1620 1248 1698 τὴν

98 1734 159 1795 τοῦ
183 1727 441 1809 φιλοικτίρμονας
464 1731 733 1809 παρακαταθήκην
756 1727 875 1808 λαβών.

645 1927 696 1990 23.

190 2054 234 2114 Ex
258 2053 360 2114 Leont'.
384 2061 415 2115 ct
437 2053 535 2114 Ioann.
559 2073 587 2132 p.
606 2050 676 2114 103.
714 2048 763 2115 Ἐκ
790 2053 848 2114 τοῦ
878 2044 914 2114 ιε’
947 2048 1047 2124 λόγου
1075 2053 1142 2113 τῶν
1168 2048 1250 2113 κατὰ

70 2241 80 2254 ·
98 2154 310 2244 ’iontsavot.³)
663 2147 665 2151 ’

189 2266 235 2330 Τὸ
259 2266 419 2343 εῦϊματεῑν
442 2266 646 2343 μειρακιῶδές
673 2266 737 2329 έςτι
762 2263 862 2343 μόνον
884 2264 936 2328 καὶ
959 2265 996 2329 ἐν
1019 2263 1100 2347 μόνῃ
1124 2265 1248 2343 δοκήςει

98 2373 139 2436 τὸ
162 2373 222 2450 ἡδῦ
246 2371 312 2450 ἔχει
335 2371 484 2435 καὶτοῦ(
507 2369 696 2450 ὀφθαλμοῦ(
720 2370 884 2437 διαπαίζει.

647 2549 698 2612 24.

190 2676 235 2738 Ex
253 2676 356 2738 Leont.
377 2686 407 2740 et
426 2677 525 2737 ioann.
544 2696 572 2756 p.
588 2674 639 2738 94.
676 2672 728 2739 Ἐκ
749 2678 807 2738 τοῦ
827 2669 864 2739 ιε’
882 2679 948 2739 τῶν
966 2675 1046 2738 κατὰ
1065 2673 1250 2739 Ἰουλιανοῦ.

190 2779 289 2846 Ἰδίοις
308 2784 458 2862 θελήματι
478 2786 640 2847 διοικεῖται
660 2781 679 2845 6
698 2779 900 2861 ἀνθρώπινος
919 2786 995 2846 νοῦς
1015 2783 1065 2846 καὶ
1085 2783 1165 2861 πρὸς
1184 2785 1249 2846 πᾶν

99 2890 213 2953 ὁτιοῦν
236 2893 303 2954 τῶν
326 2891 494 2968 πρακτέων
517 2889 662 2953 ἐθελοντὶ
684 2885 806 2975 ἵεται,4)
835 2887 933 2954 δόξαν
957 2888 1043 2967 ἔχειν
1071 2888 1175 2969 ὀρθῶς
1198 2888 1249 2952 καὶ

96 3000 199 3062 τοῦτο
225 3002 271 3080 τῷ
299 2996 431 3060 πάντων
458 2995 662 3078 ἀριςτοτέχνῃ
687 3001 764 3079 θεῷ·
791 2994 884 3075 ὥςτε,
912 2994 971 3059 κᾶν
997 2995 1026 3059 εί
1047 3017 1094 3060 τις
1122 2996 1249 3071 γένοιτο

96 3106 167 3168 τῶν
190 3101 262 3168 καθ’
284 3104 364 3183 ἡμᾶς
387 3104 423 3168 ἐν
447 3105 569 3182 μεθέξει
592 3106 650 3166 τοῦ
674 3101 766 3179 ἁγίου
792 3103 1015 3183 βαπτίςματος,
1039 3102 1079 3166 οῦ
1103 3107 1249 3181 παρεῖται

96 3210 154 3275 διὰ
176 3215 284 3287 τοῦτο,
296 3214 354 3274 τοῦ
374 3211 454 3274 κατὰ
476 3210 608 3288 γνώμην
627 3210 747 3275 οἰκείαν
765 3211 824 3289 καὶ,
843 3210 887 3274 ὡς
906 3210 946 3274 ἂν
965 3209 1158 3292 αῦτῷδοκῇ,
1182 3212 1248 3271 δια-

98 3320 206 3398 βιοῦν,
229 3317 411 3396 ἐλευθέραις
435 3317 470 3381 δὲ
499 3316 606 3397 ὥςπερ
629 3317 732 3397 ἡνίαις
760 3316 841 3395 πρός
868 3338 903 3382 τε
931 3318 968 3380 τὸ
997 3315 1120 3392 ἀγαθὸν
1144 3315 1267 3379 διανέ-·

96 3441 215 3488 νευκεν
237 3423 288 3487 καὶ
310 3424 348 3487 τὸ
372 3423 528 3488 ἐναντίον.

647 3567 698 3630 25.

192 3686 258 3753 Ἐπὶ
280 3693 347 3753 τῶν
369 3690 581 3770 πωλητηρίων
605 3694 739 3755 πολλοῖς
764 3690 867 3755 ἐνίοτε
890 3695 959 3754 τοῖς
978 3691 1115 3769 φαύλοις
1138 3689 1248 3769 ἀναμι-

92 3796 251 3875 γνύουςιν
273 3795 368 3873 ὀλίγα
391 3797 516 3877 χρηςτὰ,
541 3798 593 3860 διὰ
611 3801 677 3861 τῶν
696 3796 816 3874 ὀλίγων
835 3796 1031 3876 ἐπαγόμενοι
1055 3797 1106 3861 καὶ
1125 3796 1249 3861 πείθον-

91 3923 152 3968 τες
175 3908 244 3967 τοῖς
267 3905 450 3969 ςπουδαίοις
474 3908 667 3985 προςλαβεῑν
689 3905 729 3968 τὰ
752 3907 871 3983 φαῦλα.

174 4118 202 4184 1)
220 4115 356 4171 Constant
379 4114 453 4170 enim
472 4131 568 4170 sacrae
587 4115 699 4170 Ioannis
717 4113 883 4170 Damasceni
906 4115 1059 4184 parallelae
1081 4113 1249 4184 fragmentis

91 4223 132 4261 ex
152 4220 258 4274 magna
275 4203 449 4258 diversorum
466 4202 601 4258 librorum
619 4203 799 4259 multitudine
818 4204 972 4274 descriptis.

172 4293 201 4360 2)
218 4291 343 4361 Lequien
360 4294 505 4359 πτωχεύει.

171 4383 201 4450 3)
221 4382 368 4435 Ἰουλιανοῦ
387 4381 519 4452 Mignius.
540 4384 687 4437 Ἰουλιανόν
705 4381 804 4438 Maius.

171 4471 201 4538 4)
218 4469 290 4525 ίεται
308 4470 414 4541 scripsi.
432 4471 503 4524 ἵεται
522 4469 620 4527 Maius.
