2926 5040
472 311 513 366 De
532 312 634 368 Iuliani
650 313 730 369 tibris
749 314 937 370 restituendis.
1219 318 1280 382 101

133 479 228 541 lihros
251 499 323 542 suos
350 482 537 560 inscripserit
559 480 697 542 lolianus.
740 481 875 551 Quorum
903 484 1128 562 inscriptionem
1155 502 1215 544 non
1235 487 1282 544 in·

135 589 231 648 veniri
253 588 284 647 in
308 586 408 666 Cyrilli
430 587 529 648 verhis
551 607 579 667 p.
598 584 653 650 3o
673 587 747 648 duh.
774 586 826 649 καὶ
848 588 887 664 δὴ
915 586 986 663 τρία
1010 588 1212 666 (υγγέγραφε
1238 593 1282 667 βι-

136 690 208 770 βλία
230 690 312 755 κατὰ
337 693 404 754 τῶν
432 689 533 766 ἁγίων
561 688 759 767 εὐαγγελίων
786 692 940 756 καὶκατὰ
966 698 1023 771 τῆ(
1051 692 1188 768 εὐαγοῦε
1215 697 1282 758 τῶν

135 799 331 878 Χριετιανιίιν
359 797 522 876 θρηεκείαε
550 801 595 860 vet
624 801 692 862 inde
723 801 864 882 efficitur,
899 801 977 880 quod
1006 802 1094 863 verba
1122 799 1223 876 ἁγίων
1251 812 1282 863 et

134 906 272 982 εὐαγοῦε
300 908 382 988 loqui
415 908 463 969 hic
491 907 632 987 Gyrillum
660 907 895 969 luculentissime
923 908 1136 971 demonstrant.
1178 908 1281 987 Neque

133 1035 204 1076 vero
222 1018 381 1095 quicquam
400 1033 455 1075 nos
474 1015 612 1094 prohibet
626 1023 758 1079 statuere
772 1012 852 1076 soah
868 1012 1063 1092 Χριττιανῶν
1078 1011 1170 1090 λόγοι
1188 1016 1280 1076 inisse

129 1108 232 1203 'operis
254 1123 488 1202 inscriptionem,
511 1140 587 1200 quae
611 1122 728 1182 videtur
752 1139 818 1181 esse
842 1121 996 1182 efficienda
1020 1141 1056 1182 ex
1076 1121 1142 1201 (lyr.
1160 1141 1188 1201 p.
1204 1119 1281 1183 39A

132 1223 262 1306 ἄρχεται
290 1225 399 1290 τοίνυν
426 1229 484 1290 τοῦ
508 1224 581 1290 καθ’
608 1227 697 1305 ἡμῶν
726 1225 835 1301 λόγου.
877 1228 980 1307 Neque
1013 1230 1092 1288 enim
1121 1231 1280 1308 quicquam

131 1337 259 1396 interest
281 1334 439 1396 verborum
465 1335 595 1396 Socratis
619 1336 646 1395 h.
667 1355 692 1396 e.
710 1335 751 1396 ΙΙΙ
773 1335 788 1396 1
814 1334 865 1397 καὶ
888 1334 964 1397 τοὺε
988 1333 1067 1397 κατὰ
1087 1333 1280 1411 Χριττιανῶν

131 1436 250 1515 λόγου(
269 1440 449 1519 ευνέγραψε
473 1452 503 1503 et
520 1442 549 1502 h.
568 1462 593 1503 e.
613 1442 664 1503 vlt
683 1440 735 1524 27,
759 1460 827 1503 cum
847 1461 883 1502 ex
904 1441 1012 1520 Cyrilio
1031 1442 1166 1502 hausisse
1186 1440 1280 1502 videa-

132 1557 182 1608 tur
205 1550 305 1627 operis
328 1533 451 1609 lulianei
474 1551 633 1610 notitiam.⁴
651 1548 709 1608 Sed
734 1548 895 1609 crediderit
922 1549 999 1607 forte
1023 1550 1170 1627 quispiam
1193 1547 1280 1608 aiiam

130 1656 357 1734 inscriptionem
384 1674 449 1716 esse
480 1655 666 1716 efficiendam
695 1674 731 1715 ex
760 1654 916 1715 Theodoro
946 1653 1157 1733 Mopsuesteno
1186 1664 1216 1714 et
1243 1673 1280 1714 ex

130 1762 264 1839 ipsorum
292 1759 437 1821 librorum
465 1770 648 1840 argumento.
689 1762 733 1822 lta
765 1764 844 1822 enim
877 1763 1086 1821 constituimus
1119 1778 1153 1820 ea
1181 1759 1280 1840 verba,

131 1884 207 1944 quae
230 1869 261 1926 in
284 1866 385 1928 codice
409 1865 583 1928 Corsiniano
611 1870 844 1947 praemittuntur
867 1866 1018 1927 Theodori
1045 1867 1219 1946 fragmentis
1243 1886 1278 1926 ex

129 1973 226 2051 ipsius
240 1976 419 2035 refutatione
438 1973 583 2034 librorum
597 1973 702 2034 iuliani
717 1974 844 2035 haustis:
864 1970 1038 2048 Θεοδώρου
1054 1969 1279 2048 Μοψουεετίατ

129 2077 166 2140 έκ
193 2079 259 2139 τῶν
286 2078 367 2156 πρὸ(
394 2076 451 2141 τὰ(
478 2076 558 2140 κατὰ
583 2076 778 2155 Χριετιανῶν
806 2075 996 2155 κατηγορία(
1019 2073 1193 2140 Ἰουλιανοῦ
1218 2082 1277 2141 τοῦ

129 2181 325 2262 παραβὰτου.
367 2188 463 2265 Atque
491 2186 621 2247 iudiciali
649 2187 767 2248 dicendi
790 2205 898 2266 genere
927 2204 1015 2246 usum
1044 2203 1109 2246 esse
1133 2185 1278 2246 lulianum

126 2292 160 2352 in
186 2290 271 2352 lihris
295 2295 370 2374 suis,
401 2311 476 2372 quos
500 2290 621 2371 scripsit
645 2302 748 2353 contra
772 2292 955 2353 Christianos
984 2299 1014 2350 et
1042 2310 1077 2351 ex
1106 2292 1277 2371 inquirendi

126 2400 243 2459 ratione
270 2398 464 2479 intellegitur,
493 2416 581 2479 quam
610 2417 678 2459 eum
706 2398 875 2459 adhibuisse
904 2399 1111 2479 unusquisque
1134 2417 1171 2458 ex
1199 2400 1276 2478 irog-

127 2506 238 2567 meutis
260 2504 441 2589 persuadere
464 2505 521 2566 sihi
544 2514 656 2586 potest,
684 2508 800 2585 etipse
824 2505 1027 2585 pronuntiavit
1050 2505 1081 2564 in
1105 2507 1204 2584 operis
1228 2508 1275 2566 sui

124 2616 280 2693 prooemio
294 2633 323 2693 p.
337 2609 414 2673 41Ε
434 2612 511 2692 apud
527 2612 592 2692 (lyr.
629 2611 708 2672 Haec
728 2614 807 2672 enim
826 2620 896 2673 sunt
915 2613 1009 2690 ipsius
1029 2610 1130 2672 verha:
1150 2611 1277 2686 μέλλων

126 2718 164 2783 δὲ
179 2717 340 2796 ὑπὲρτῶν
354 2715 429 2796 παρ’
443 2717 553 2782 αὐτοί(
567 2717 753 2793 λεγομένων
767 2713 938 2793 δογμάτων
953 2713 1106 2780 ἁπάντων
1121 2720 1278 2781 ποιεῑτθαι

123 2824 187 2889 τὸν
206 2823 318 2901 λόγον,
346 2825 451 2889 ἐκεῖνο
477 2823 631 2904 βούλομαι
653 2826 784 2902 πρῶτον
808 2821 923 2900 εἰπεῖν,
955 2820 1004 2885 ὅτι
1034 2823 1093 2900 χρὴ
1121 2822 1197 2885 τοὺς
1225 2822 1275 2885 έν-

123 2929 360 3010 τυγχάνοντατ,
388 2929 478 3009 εἴπερ
507 2928 684 3005 ἀντιλέγειν
712 2930 868 3007 ἐθέλοιεν,
896 2927 1001 3007 ὥτπερ
1031 2928 1067 2991 ἐν
1090 2927 1276 3010 δικαττηρίιρ

122 3038 226 3117 μηδὲν
248 3036 368 3103 ἔξωθεν
386 3039 671 3116 πολυπραγμονεῖν
691 3037 777 3114 μηδὲ,
799 3033 1044 3112 τὸλεγόμενον,
1068 3033 1275 3124 ἀντικατηγο-

123 3149 206 3223 ρεῖν,
221 3144 281 3209 ἕω(
296 3143 336 3207 ἂν
350 3142 431 3222 ὑπὲρ
449 3146 516 3207 τῶν
531 3140 606 3221 παρ’
619 3143 729 3207 adroic
748 3141 1020 3221 ἀπολογήτωνται.
1053 3140 1203 3219 Ἄμεινον
1218 3142 1275 3218 μὲν

123 3250 190 3329 γὰρ
212 3249 298 3314 οὕτω
327 3250 377 3312 καὶ
400 3251 597 3328 (αφέττερον
626 3248 710 3312 ἰδίαν
738 3250 797 3327 μὲν
820 3248 1022 3339 ἐνετῄταεθαι
1046 3246 1292 3324 πραγματείαν,

122 3356 207 3422 ὅταν
229 3377 257 3420 τι
280 3358 346 3420 τῶν
369 3353 450 3434 παρ’
472 3357 547 3435 ἡμῖν
575 3356 721 3421 εὐθύνειν
744 3356 891 3420 θέλωτιν·
918 3356 954 3419 ἑν
978 3353 1026 3418 oie
1054 3354 1089 3416 δέ
1113 3352 1194 3430 πρὸ(
1217 3352 1274 3416 τὰ(

123 3459 205 3541 παρ’
223 3463 312 3542 ἡμῶν
332 3461 468 3526 εὐθύνοι
485 3459 734 3539 ἀπολογοῦνται,
758 3461 858 3538 μηδὲν
877 3458 1145 3539 ἀντικατηγορεῖν.
1187 3461 1274 3521 Prae-

123 3582 209 3633 terea
236 3579 336 3632 autem
364 3573 389 3631 si
417 3572 586 3631 meminerit
613 3570 661 3630 iile
689 3571 815 3631 inveniri
844 3570 916 3630 haec
943 3572 973 3629 in
998 3568 1106 3647 Cyrillo
1134 3587 1162 3646 p.
1182 3564 1273 3627 39h:

122 3674 257 3754 ἄρχεται
275 3674 386 3740 τοίνυν
404 3678 461 3738 τοῦ
480 3673 554 3739 καθ’
572 3675 662 3753 ἡμῶν
682 3673 796 3758 λόγοω
814 3696 842 3756 p.
857 3674 948 3743 38E:
967 3673 1004 3737 έν
1018 3672 1079 3750 γὰρ
1093 3676 1139 3754 τῷ
1154 3671 1274 3752 πρώτῳ

122 3780 215 3864 λόγῳ
242 3782 295 3845 διὰ
320 3780 479 3846 πλείττων
507 3781 564 3857 μὲν
591 3778 677 3844 δεων
705 3780 840 3844 ἐννοιῶν
864 3778 1004 3862 ἔρχεται,
1033 3799 1060 3859 p.
1080 3777 1170 3840 381³:
1197 3777 1275 3843 roric

121 3893 183 3966 τῆ(
205 3886 415 3968 ἀντιρρήιεωε
434 3887 552 3964 λόγου(
572 3885 772 3966 ἀποφήνειεν
792 3885 831 3950 ἂν
850 3885 909 3950 οὐκ
927 3886 964 3950 έν
984 3883 1089 3966 κόεμῳ
1108 3882 1191 3960 τάχα
1209 3902 1273 3945 που

122 3995 359 4073 γεγενημένου(
377 4007 433 4057 eto.
452 4005 518 4076 etc,
540 3995 616 4056 hanc
639 3996 765 4055 sortasse
788 4002 899 4080 statuet
921 3995 1013 4054 fuisse
1033 3993 1132 4071 operis
1150 3990 1274 4051 lulianei

122 4105 364 4183 inscriptionem:
394 4098 569 4165 Ἰουλιανοῡ
593 4097 834 4177 Αὐτοκράτορο(
857 4098 937 4162 κατὰ
962 4098 1155 4175 Χριετιανῶν
1179 4115 1272 4172 κατη-

122 4206 237 4286 γορία(
257 4206 354 4284 λόγος
372 4210 501 4286 πρῶτοι
525 4207 697 4286 (δεύτεροι,
716 4202 844 4290 τρίτοι).
882 4206 937 4267 Cui
960 4215 1031 4266 tunc
1050 4205 1188 4265 assentiri
1213 4222 1271 4264 non

123 4315 305 4395 dubitarem,
328 4317 354 4375 si
370 4314 519 4375 Theodori
538 4314 626 4375 verba
645 4333 704 4375 non
724 4321 825 4374 essent
848 4311 929 4388 πρὸ(
947 4309 1013 4371 τὰ(
1033 4307 1111 4372 κατὰ
1127 4308 1267 4387 Χριετια-

121 4422 192 4484 νῶν
205 4418 450 4498 κατηγορίαι,
470 4421 522 4481 sed
536 4418 617 4496 πρὸ(
631 4418 699 4498 τὴν
714 4416 794 4482 κατὰ
809 4417 1005 4495 Χριετιανιίιν
1020 4414 1271 4495 κατηγορίαν.
