2926 5040
210 336 251 400 76
715 338 808 408 Capul
825 341 845 393 Ι.

208 504 377 586 explicavit,
410 513 543 585 tempore
573 508 838 567 consummationis
869 506 972 567 mundi
1001 524 1057 587 por
1087 525 1137 568 res
1168 508 1249 585 ipsas
1284 506 1368 567 idem

208 611 390 689 significavit,
414 611 492 690 quod
516 630 571 692 por
594 612 825 673 innumerabiles
849 612 969 695 iormas,
992 619 1078 693 typos
1097 620 1127 673 et
1150 621 1242 675 nutus
1265 613 1365 674 bomi-

207 717 296 778 nibus
319 719 470 798 prioribus
493 723 735 800 praenuntiatum
755 728 827 781 erat.
865 719 1007 800 Agedum,
1031 722 1057 780 si
1079 720 1185 801 placet,
1208 719 1244 780 ad
1270 722 1365 781 maio·

207 843 271 885 rem
298 827 532 905 investigationis
565 829 810 907 perspicuitatem
842 827 923 906 leges
951 828 1122 907 alleramus,
1152 845 1227 907 quae
1258 825 1297 887 ab
1326 846 1365 888 eo

206 941 360 993 venerunt.
405 932 507 1012 ltaque
529 936 675 1014 praecipit
698 934 745 994 lex
768 953 823 1014 per
845 934 976 1014 lloysem
999 934 1079 1016 data,
1109 942 1143 995 ut
1165 952 1307 996 vacemus
1330 936 1365 996 in

207 1041 328 1102 sabbato
354 1050 384 1101 et
410 1040 484 1102 cibis
510 1050 642 1124 utamur,
674 1044 726 1121 qui
751 1051 874 1121 propter
901 1040 1055 1102 sabbatum
1081 1049 1166 1102 antea
1191 1045 1366 1123 praeparati

206 1151 279 1229 sint,
316 1158 438 1228 propter
466 1148 545 1227 quod
579 1148 642 1208 dies
671 1147 791 1209 sabbato
819 1149 1002 1227 praecedens
1029 1148 1210 1225 παραεκευὴ
1238 1148 1364 1211 dicitur.

207 1255 264 1316 Sed
289 1258 372 1316 etin
400 1258 463 1334 ipso
487 1254 607 1314 sabbato
636 1255 801 1316 offerebant
829 1258 1018 1334 operationes
1041 1255 1254 1337 sacerdotales,
1283 1274 1365 1336 quac

144 1349 147 1353 ’
206 1362 370 1424 secundum
399 1380 507 1422 munus
539 1362 721 1423 sacerdotale
750 1365 929 1423 constitutae
958 1372 1036 1424 sunt.
1079 1362 1252 1424 Offerebam
1280 1365 1365 1424 enim

205 1469 281 1549 Deo,
305 1471 357 1548 qui
380 1477 540 1548 estsuper
563 1486 679 1548 omnes,
704 1487 779 1548 quae
803 1471 833 1528 in
857 1469 921 1548 lege
945 1472 1106 1531 constituta
1129 1478 1212 1550 sunt3
1239 1478 1272 1530 et
1295 1472 1366 1531 sine

206 1576 438 1655 reprehensione
462 1585 527 1637 erat
554 1578 590 1636 iis
618 1578 751 1655 operatio
781 1578 981 1654 nequeenim
1010 1576 1225 1637 condemnatur
1252 1576 1365 1639 barum

206 1700 308 1743 rerum
327 1701 399 1743 cura
418 1684 574 1744 sententiis
597 1684 679 1762 legis.
716 1681 793 1742 lussi
811 1688 910 1742 autem
930 1691 1015 1744 erant
1034 1682 1188 1745 sabbatum
1207 1683 1366 1746 celebran-

206 1798 252 1850 tes
280 1789 394 1851 nullum
422 1808 497 1850 onus
526 1801 642 1870 gestare
671 1795 701 1852 in
735 1789 867 1851 humeris
895 1808 993 1868 neque
1022 1791 1123 1871 egredi
1153 1792 1232 1852 foras
1261 1810 1366 1872 neque

206 1896 360 1958 discedere
397 1900 533 1959 tentoriis
571 1901 641 1960 suis.
694 1899 771 1960 Dicit
806 1903 899 1962 enim:
940 1900 1056 1961 Maneat
1089 1899 1298 1978 unusquisque
1335 1902 1368 1960 in

208 2007 345 2066 tentoriis
374 2007 482 2066 vestris
511 2024 608 2084 neque
638 2008 767 2068 elleratis
797 2025 873 2069 onus
901 2026 937 2067 ex
966 2005 1104 2067 domibus
1132 2006 1240 2067 vestris
1268 2024 1367 2067 unus·

207 2114 333 2192 quisque
352 2114 382 2172 in
398 2112 444 2172 die
461 2112 573 2174 sabbati
588 2107 655 2196 (Ex.
673 2112 723 2195 16,
737 2112 794 2195 293
813 2114 869 2176 ler.
887 2112 937 2197 ll,
952 2110 1018 2196 22).
1048 2113 1118 2173 Sine
1134 2112 1244 2174 mulcta
1258 2121 1367 2175 autem

205 2221 341 2298 permisit
360 2221 447 2279 etiam
467 2221 726 2281 circumcisionem
751 2223 781 2281 in
801 2221 930 2282 sabbato.
968 2219 1046 2291 Quid
1066 2237 1138 2298 ergo
1157 2227 1263 2281 contra
1285 2221 1367 2284 haec

205 2327 277 2387 dicit
295 2320 507 2389 adversarius?
540 2328 642 2399 Qualis
663 2336 708 2390 est
727 2347 785 2411 rec,
804 2326 920 2389 amice?
957 2327 1017 2388 Cur
1036 2329 1130 2408 enim,
1149 2325 1219 2387 dum
1239 2327 1287 2389 lex
1309 2330 1366 2390 im-

205 2443 302 2514 perat,
331 2442 364 2495 ut
394 2435 430 2494 ab
454 2438 534 2495 omni
559 2439 731 2516 operatione
755 2443 786 2496 ct
808 2435 908 2496 labore
932 2441 1155 2516 removeantur,
1177 2437 1364 2514 permissum

206 2549 270 2602 erat
288 2540 492 2602 sacerdotibus
511 2544 542 2602 in
561 2542 828 2604 consuetudinibus
847 2545 909 2604 suis
918 2540 1365 2623 incedere,‘circumcisionem

205 2666 324 2727 quoque
354 2650 471 2731 persici,
500 2659 550 2710 aut
578 2650 669 2711 licere
700 2650 855 2712 sabbatum
878 2652 977 2730 agenti
1005 2668 1082 2709 onus
1110 2648 1188 2708 ierre
1216 2655 1248 2708 et
1274 2657 1365 2711 extra

206 2756 368 2815 tentorium
387 2752 491 2815 exire?
523 2756 583 2818 Cur
602 2765 701 2818 autem
716 2757 812 2817 edulia
833 2765 919 2818 antea
937 2752 1140 2836 praeparanda
1159 2763 1255 2837 erant,
1273 2758 1364 2834 quasi

206 2881 266 2922 non
290 2862 394 2923 liceret
417 2865 457 2923 ita
481 2867 600 2943 operari
622 2868 651 2924 in
677 2862 820 2926 sabbato?
857 2864 960 2924 Nonne
981 2882 1052 2943 crgo
1076 2864 1241 2943 unicuique
1264 2865 1362 2923 mani·

206 2968 315 3030 festum
338 2978 394 3051 est,
418 2973 475 3032 nisi
499 2974 538 3032 sit
560 2974 655 3050 imago
680 2974 812 3033 veritatis
836 2974 866 3032 in
889 2971 945 3052 his,
970 2971 1043 3032 nihil
1067 2969 1163 3030 valere
1187 2970 1363 3030 universam

206 3077 281 3137 hanc
305 3074 422 3156 legem?
456 3077 677 3140 Sabbatizamus
696 3081 773 3139 enim
794 3080 824 3139 in
844 3078 977 3159 Christo,
1001 3076 1070 3138 dum
1091 3094 1146 3136 nos
1163 3074 1364 3155 prohibemus

206 3202 266 3244 non
285 3183 321 3243 ab
341 3186 482 3264 operibus
500 3188 530 3246 in
551 3188 733 3268 universum,
752 3194 782 3246 et
802 3185 962 3264 dequibus
982 3185 1089 3245 merito
1108 3200 1195 3243 nemo
1211 3184 1364 3266 queritur,

207 3293 321 3352 etiamsi
350 3311 365 3351 a
394 3291 480 3352 nobis
508 3293 596 3373 fiunt,
628 3292 679 3352 sed
708 3312 724 3352 a
751 3293 994 3372 concupiscentia
1021 3289 1096 3351 mali.
1143 3289 1176 3349 ld
1204 3291 1285 3350 enim
1317 3299 1364 3351 est

206 3401 332 3461 cessatio
356 3399 480 3480 pulchra
500 3408 529 3459 et
553 3399 705 3481 mirabilis,
730 3400 780 3460 sed
805 3419 821 3459 a
845 3402 926 3460 cu'ris
950 3399 1061 3459 sanctis
1080 3414 1139 3456 non
1163 3395 1365 3480 abstinemur,

206 3524 281 3585 quae
311 3516 381 3568 sunt
410 3509 483 3568 odor
510 3510 609 3569 suavis
636 3507 697 3568 lieo
731 3506 979 3568 intellectualiter.
1025 3503 1083 3564 Sed
1113 3521 1363 3585 unumquemque

207 3621 342 3675 nostrum
365 3617 396 3675 in
420 3617 627 3676 communione
650 3613 799 3674 bonorum
823 3633 947 3694 operum
969 3621 1055 3675 antea
1078 3610 1199 3691 abipso
1223 3620 1364 3691 peracto·

206 3740 274 3782 rum
300 3740 490 3803 permanere,
522 3722 633 3783 indicat
665 3722 750 3783 nobis
784 3722 997 3802 pulcherrime,
1030 3718 1108 3798 quod
1141 3726 1260 3798 oportet
1293 3727 1365 3781 ante

206 3829 361 3890 sabbatum
389 3846 566 3908 praeparare
595 3829 686 3890 cibos,
727 3829 766 3890 Et
793 3828 1008 3889 sabbatizantes
1036 3825 1279 3888 intellectualiter
1308 3846 1366 3889 nos

206 3938 464 3998 circumcisionem
488 3937 672 4015 spiritualem
697 3954 755 3996 non
780 3935 915 3996 manibus
944 3935 1051 3995 iactam
1074 3936 1224 4015 recipere,
1251 3951 1365 3997 rursus

206 4043 315 4104 indicat
350 4051 446 4122 typus
501 4042 595 4104 Soluti
629 4045 707 4103 enim
740 4061 842 4103 sumus
870 4040 906 4101 ab
941 4043 1023 4101 omni
1052 4058 1157 4122 onere,
1191 4039 1361 4103 abicientes

205 4159 360 4229 peccatum
379 4167 467 4228 grave
487 4159 516 4210 ct
539 4152 702 4229 impurum3
725 4150 919 4210 iustificamur
939 4148 1018 4208 enim
1042 4149 1072 4209 in
1092 4147 1220 4208 Christo.
1251 4146 1362 4229 Neque

207 4256 375 4336 egredimur
403 4275 419 4317 e
449 4256 638 4317 tabernaculo
667 4264 784 4337 sancto,
812 4254 863 4315 sed
893 4272 1025 4314 amamus
1053 4254 1152 4332 potius
1179 4271 1364 4333 permanere

204 4365 236 4425 in
259 4363 393 4424 doctrina
417 4363 567 4424 ecclesiae.
605 4363 684 4424 Haec
709 4365 787 4423 enim
808 4380 877 4422 vere
901 4368 948 4421 est
971 4359 1195 4422 tabernaculum
1219 4369 1364 4425 sanctum

207 4479 237 4531 et
263 4471 409 4553 divinum,
441 4471 519 4550 quod
547 4479 679 4532 amantes
707 4471 893 4551 precationes
920 4468 956 4528 ad
984 4467 1078 4529 Deum
1109 4475 1140 4528 et
1166 4465 1300 4547 psalmos
1329 4478 1364 4531 et
