2926 5040
205 326 271 390 246
358 330 403 379 rv.
423 327 598 378 Anninus
617 328 664 378 ΕΤ
684 327 925 380 colemannus.
960 329 990 382 v.
1009 296 1213 380 anuucuusss

276 487 409 541 Versibus
429 504 446 540 a
464 486 572 541 Iuliano
592 504 626 541 ex
644 487 747 541 veteris
765 486 927 541 testamenti
946 486 1074 541 versione
1089 487 1164 541 LXX
1183 487 1364 557 depromptis

204 559 308 615 subieci
317 559 470 628 scripturae
480 559 653 627 varietatem,
661 558 710 613 ubi
717 560 810 613 textus
820 557 961 612 lulianeus
970 558 1113 628 discrepat
1121 575 1138 611 a
1146 559 1221 611 LXX
1232 559 1362 614 editione

205 631 326 697 sixtina,
346 646 432 698 quam
450 631 554 684 Paulus
574 631 615 684 de>
627 631 756 699 Lagardc
780 631 809 684 in
828 647 879 683 sua
898 628 1013 684 Genesis
1033 630 1156 684 editione
1175 633 1205 684 et
1224 629 1364 685 Constan-

204 703 280 756 tinus
300 703 334 756 de
353 702 540 755 Tischendorl
554 703 753 771 repetiverunt.
791 702 889 770 Neque
908 703 1004 755 tamen
1022 703 1098 756 recte
1116 702 1242 756 iudicare
1261 719 1364 772 possu-

204 791 266 828 mus
290 774 324 828 de
348 773 423 826 LXX
446 773 515 827 locis
540 773 682 841 lulianeis‚
712 773 777 826 dum
802 773 881 828 deest
909 772 996 827 editio
1020 772 1094 826 LXX
1117 772 1192 828 iusto
1220 775 1364 843 apparatu

192 846 302 914 critico
330 844 479 909 instructa3
508 863 592 914 quam
616 847 648 898 ut
670 845 814 899 absolvere
842 845 929 898 liceat
951 846 1082 913 optamus
1105 844 1165 899 viro
1193 844 1228 899 de
1255 845 1365 900 veteris

204 916 368 972 testamenti
386 917 560 970 versionibus
579 919 623 970 tot
640 917 762 970 numeris
780 916 891 981 merito,
913 921 983 984 quot
1002 932 1082 971 nemo
1103 933 1198 970 eorum
1217 917 1267 985 qui
1286 935 1365 974 nunc

131 1055 134 1058 y
205 991 282 1056 sunt,
305 988 424 1041 Paulum
448 987 511 1041 dico
535 988 570 1041 de
593 989 728 1057 Lagarde.
766 989 810 1040 Ad
838 1005 886 1042 eos
914 1004 980 1041 sane
1003 987 1094 1055 locos,
1123 1005 1193 1056 quos
1217 1006 1232 1042 Θ
1256 987 1365 1042 Genesi

204 1060 329 1113 Iulianus
353 1059 460 1125 hausit,
485 1061 598 1127 plenam
622 1061 762 1128 adponere
785 1060 928 1128 potuimus
953 1059 1107 1127 scripturae
1132 1059 1298 1113 varietatem
1328 1077 1366 1114 ex

205 1129 351 1184 uberrimis
370 1079 503 1200 Lagardipi
522 1130 661 1184 thesauris
679 1132 885 1212 depromptam
904 1129 1045 1184 noluimus
1059 1130 1173 1198 idcirco,
1191 1131 1268 1199 quod
1282 1148 1365 1185 vere-

204 1202 317 1284 bamur,
336 1202 381 1269 ut,
406 1204 429 1255 si
449 1203 510 1283 quis
533 1203 625 1256 minus
649 1203 756 1257 curiose
781 1200 911 1256 editionis
935 1204 1048 1255 nostrae
1066 1201 1205 1284 apparatu
1224 1204 1366 1271 uteretur,

110 1322 113 1326 .
205 1273 235 1326 in
253 1273 368 1340 reliquis
387 1272 490 1327 veteris
509 1274 673 1327 testamenti
691 1268 771 1327 libris
792 1273 946 1342 scripturae
970 1272 1189 1342 discrepantiam
1208 1290 1353 1342 aequem
1355 1272 1396 1314 ·‘

205 1346 315 1414 tegram
334 1362 394 1398 esse
413 1345 485 1398 falso
504 1345 678 1413 opinaretur,
703 1363 735 1399 ac
762 1363 846 1413 quam
865 1361 900 1398 er
918 1344 1019 1399 Genesi
1038 1345 1216 1413 Lagardiana
1234 1304 1367 1399 mutuari

206 1415 368 1471 liceret-
394 1417 515 1470 Novit
517 1434 545 1469 es
548 1418 667 1470 tamenti
690 1433 787 1470 versus
810 1435 827 1470 a
850 1416 958 1471 Iuliano
981 1415 1239 1486 vituperatoscum
1259 1419 1368 1472 octava

206 1487 409 1542 Tischendoriii
424 1487 547 1542 editione
566 1488 681 1543 contuli.

676 1601 888 1608 .—-—-....—

633 1695 667 1762 V.
706 1692 920 1762 ELENGHVS.

1277 1805 1310 1840 r
1312 1806 1337 1842 s

202 1844 358 1899 Praefatio
396 1887 1188 1901 .......................
1324 1868 1366 1900 vu

202 1914 423 1984 Prolegomenon
442 1918 537 1986 capita
555 1918 609 1971 tria
647 1958 1188 1971 ................
1254 1922 1305 1969 1-
1312 1925 1366 1972 160

239 1986 369 2055 Caputl.
418 1989 457 2042 De
488 1989 554 2043 fatis
587 1989 723 2042 librorum
751 1985 853 2040 Iuliani
880 1987 1060 2055 imperatoris
1098 1989 1197 2040 contra

311 2058 483 2113 Christianos
502 2061 668 2130 scriptorum
681 2101 1188 2114 ...............
1270 2065 1366 2114 3—95

416 2130 457 2184 De
476 2131 577 2185 Iuliani
595 2131 676 2184 libris
683 2173 1189 2186 ...............
1289 2138 1366 2187 3-8

416 2203 457 2256 ΒΘ
478 2204 540 2271 lege
560 2203 711 2257 Theodosii
718 2244 1190 2256 ..............
1289 2207 1365 2257 8-9

417 2274 458 2327 ΒΘ
477 2275 638 2343 Apollinare
659 2274 818 2327 Laodiceno
826 2315 1189 2328 ...........
1253 2280 1365 2328 10-13

416 2344 457 2398 ΒΘ
477 2346 503 2399 S.
523 2346 662 2414 Ephraem
683 2344 751 2413 Syro
790 2386 1189 2399 ............
1331 2352 1365 2400 13

416 2418 456 2469 ΒΘ
476 2418 578 2471 Ioanne
598 2417 797 2484 Chrysostomo
824 2459 1189 2470 ...........
1252 2422 1365 2471 13-14

416 2489 457 2542 ΒΘ
476 2487 598 2542 Macerio
617 2489 749 2556 Magnete
789 2529 1189 2542 ............
1252 2493 1364 2542 14—23

415 2560 456 2612 Dc
475 2560 622 2614 Theodoro
641 2559 841 2627 Mopsuesteno
862 2601 1190 2613 ..........
1251 2564 1365 2614 23—33

416 2631 457 2683 De
476 2631 606 2700 Philippo
626 2630 722 2684 Sidete
753 2672 1189 2685 .............
1249 2636 1364 2686 33-36

416 2702 457 2754 ΒΘ
477 2702 581 2770 Cyrillo
601 2702 790 2756 Alexandrino
826 2743 1189 2756 ...........
1249 2707 1362 2756 36-41

417 2772 514 2840 cyrilli
544 2773 726 2827 Alexandrini
757 2772 893 2826 librorum
926 2772 1024 2825 contra
1056 2770 1195 2824 lulianum

451 2844 610 2912 fragmenta
629 2844 744 2913 Syriaca
763 2844 852 2898 edidit
870 2843 901 2896 E.
923 2843 1019 2897 Nestlc
1040 2886 1188 2897 .....
1248 2849 1363 2898 42-63

418 2913 515 2981 Gyrilli
524 2915 706 2970 Alexandrini
716 2916 850 2970 librorum
861 2917 960 2968 contra
971 2914 1109 2966 lulianum
1122 2913 1195 2966 XI-

452 2987 503 3039 XX
513 2987 672 3056 fragmenta
682 2987 790 3042 Graeca
803 2989 833 3040 et
843 2987 958 3054 Syriaca
968 2985 1069 3039 Latine
1084 2985 1196 3038 reddita

452 3057 591 3128 disposuit
610 3058 639 3112 C.
659 3058 679 3112 I.
699 3059 847 3114 Neumann
860 3099 1188 3113 ..........
1249 3063 1363 3112 64-87

417 3129 458 3183 ΒΘ
477 3131 636 3184 Alexandro
655 3130 870 3198 Hierapolitano
895 3126 919 3183 .”
930 3171 1187 3184 ........
1248 3134 1364 3185 87-88

417 3201 458 3254 ΒΘ
477 3202 654 3256 Theodoreto
675 3201 788 3269 Cyrenai
822 3242 1188 3256 ...........
1248 3206 1362 3255 88-93

417 3272 457 3325 ΒΘ
477 3272 578 3327 Photio
607 3313 1189 3328 .................
1249 3277 1364 3326 93-94

417 3343 458 3396 ΒΘ
477 3345 648 3412 Hieronymo
682 3384 1188 3398 ...............
1326 3347 1362 3396 96

420 3416 460 3468 ΒΘ
480 3415 636 3483 Dargensio
643 3456 1188 3471 ................
1325 3420 1362 3468 95

244 3484 335 3553 Caput
367 3486 400 3538 II.
420 3486 460 3539 ΒΘ
481 3486 582 3540 iuliani
600 3486 679 3540 libris
698 3486 879 3541 restituendis
895 3526 1189 3540 .........
1230 3489 1362 3538 96-137

419 3557 460 3612 ΒΘ
479 3558 615 3613 librorum
630 3557 818 3612 Iulianeorum
837 3572 953 3611 numero
967 3557 997 3609 ct
1010 3554 1193 3623 inscriptione
1230 3561 1363 3610 tre-102

418 3628 459 3683 ΒΘ
478 3630 552 3683 libro
570 3629 660 3698 primo
682 3669 1189 3684 ...............
1215 3631 1362 3681 loa-125

419 3700 461 3754 ΒΘ
480 3702 552 3755 libro
571 3702 659 3754 altero
680 3739 1188 3755 ...............
1214 3703 1304 3751 125-
1309 3704 1362 3752 136

418 3772 459 3826 ΒΘ
477 3772 551 3828 libro
568 3773 654 3826 tertio
679 3812 1187 3827 ...............
1214 3774 1361 3824 136-137

242 3841 363 3912 CaputI
364 3844 398 3899 II.
417 3844 489 3898 ΒΘΙ
477 3844 578 3898 Iuliani
596 3844 689 3898 verbis
708 3841 911 3898 constituendis
930 3882 1187 3896 ........
1214 3846 1363 3896 138-160

418 3917 459 3970 ΒΘ
479 3916 620 3969 codicibus
640 3915 799 3984 Oyrillianis
824 3953 1188 3970 ...........
1214 3917 1304 3966 137-
1310 3918 1362 3966 153

419 3986 460 4042 ΒΘ
479 3988 619 4041 vocalium
639 4005 774 4042 concursu
792 4004 810 4041 a
832 3986 941 4039 Iuliano
964 3983 1048 4038 modo
1072 3980 1195 4037 admisso

472 4060 555 4113 modo
575 4058 680 4112 evitato
717 4097 1186 4112 ..............
1214 4059 1362 4108 166-160

208 4129 308 4185 Iuliani
323 4130 499 4199 imperatoris
514 4131 648 4184 librorum
663 4132 760 4184 contra
770 4129 944 4183 Christianos
958 4144 1040 4212 quae
1045 4126 1195 4251 supersunt
1214 4131 1282 4179 161-
1286 4132 1361 4181 238

243 4205 390 4256 Ἰουλιανού
410 4203 618 4269 αὐτοκράτορος
636 4203 707 4256 κατὰ
726 4204 893 4269 Χριετιανῶν
912 4201 997 4264 λόγος
1014 4193 1040 4252 α’
1074 4240 1079 4251 .
1109 4241 1114 4251 .
1181 4202 1301 4251 .16-3
1305 4202 1360 4250 233

243 4275 412 4342 Fragmenta
429 4274 495 4328 libri
526 4275 553 4327 ΙΙ
556 4311 1188 4329 ...................
1211 4273 1360 4322 234—238

242 4345 413 4413 Fragmenta
431 4345 497 4398 libri
515 4344 553 4397 Ill
556 4381 1189 4399 ...................
1306 4344 1360 4393 238

208 4416 317 4470 Indices
324 4452 1188 4471 .........................
1213 4415 1360 4466 239-246

615 4575 935 4591 ῳ*-
