2926 5040
143 383 148 393 ι
213 306 277 369 134
708 306 799 377 Caput
817 308 850 364 11.

211 472 313 553 verba,
338 492 412 552 quae
436 481 553 534 exstant
576 475 607 534 in
631 473 727 534 Lucae
752 476 902 554 evaugelio
927 473 956 556 6,
974 472 1016 536 27
1033 494 1090 554 sq.:
1113 469 1261 548 ἀγαπᾶτε
1285 472 1356 536 τοὺ(
1441 537 1444 542 ,

212 578 346 655 ἐχθροὺε
370 576 473 657 ὑμῶν,
496 580 602 641 καλῶς
630 582 751 643 ποιεῖτε
774 583 843 644 τοί(
866 583 1005 659 μιεοῡειν
1027 579 1120 659 epac,
1147 578 1361 659 προεεύχεεθε7

212 684 285 762 περὶ
303 683 549 762 ἐπηρεαζόντων
563 684 650 764 ὑμάε.
683 688 727 748 λά
741 707 816 767 quae
831 692 982 768 pertinere
1001 690 1200 769 fragmentum
1214 685 1259 749 40
1278 688 1355 749 lucu·
1442 694 1444 699 '

213 794 309 855 lenter
338 803 472 876 apparet3
502 814 598 874 neque
627 815 714 857 eausa
743 796 814 857 mihi
843 816 908 858 esse
932 796 1058 879 videtur,
1086 804 1119 859 ut
1142 795 1178 857 ab
1203 815 1238 856 eo
1263 796 1356 856 seiun-

212 919 316 981 gamus
344 902 543 981 fragmentum
571 900 623 964 39.
665 902 768 981 Neque
797 905 875 963 euim
906 905 1008 983 negari
1037 911 1136 983 potest
1163 900 1200 964 ἐν
1228 897 1358 963 ἀδικίαι(

214 1004 294 1069 εἶναι
319 1028 383 1089 eos,
411 1013 462 1088 qui
490 1009 563 1070 alios
587 1009 715 1091 oderint,
737 1011 900 1092 offendant,
928 1019 1135 1091 exsecrentur3
1162 1010 1276 1070 nemini
1302 1027 1359 1069 uon

213 1115 394 1177 ridebuntur
417 1135 482 1177 esse
506 1118 687 1192 κακοῦργοι.
1012 1127 1015 1132 “

686 1294 888 1302 m

638 1439 688 1498 Ex
711 1440 790 1499 fibro
813 1440 846 1498 X
853 1439 936 1499 VIII.

760 1595 812 1659 22.

305 1721 490 1800 Fragmeutis
513 1719 557 1782 44
580 1732 610 1783 et
633 1719 677 1783 45
700 1722 849 1784 indicatur
872 1725 970 1803 magni
997 1722 1212 1784 aestimandum
1236 1741 1304 1783 esse
1330 1721 1368 1784 τὸ

217 1824 424 1903 ἐποικτείρειν
452 1827 528 1890 τοὺς
556 1827 592 1890 ἐν
621 1827 728 1911 ἐνδείᾳ
755 1828 894 1892 καὶτῶν
923 1825 1106 1903 ἀναγκαίων
1135 1825 1260 1905 επάνει,
1294 1832 1371 1908 quin

218 1938 306 1995 etiam
325 1935 455 2009 πρῶτον
474 1933 525 1996 καὶ
544 1931 671 2011 ἄριετον
688 1937 797 1997 dicitur
817 1932 1046 2012 ἀνδραγάθημα
1064 1922 1102 1997 τὸ
1122 1937 1279 2013 διανεῖμαι
1299 1938 1371 1998 τοῖς

218 2041 383 2118 δεομένοις
405 2039 445 2103 τά
464 2038 543 2104 ὄντα
562 2041 613 2104 καὶ
631 2046 896 2120 κατευμεγεθῆεαι
919 2045 975 2120 τῆ(
995 2041 1030 2104 ἐκ
1047 2045 1105 2104 τοῦ
1125 2040 1270 2105 πλούτου
1294 2061 1370 2119 τρο-

117 2176 120 2180 <
218 2153 282 2226 φῆ(
296 2149 347 2211 καὶ
362 2151 595 2225 καταεωρεῦεαι
616 2150 738 2226 μᾶλλον
756 2149 793 2212 ἐν
808 2147 958 2226 οὐρανοῑε
977 2146 1093 2226 ἐλπίδα
1106 2149 1165 2225 τὴν
1179 2148 1373 2226 μέλλουεαν.

220 2258 301 2328 Quae
321 2260 472 2336 pertinere
492 2260 698 2336 unusquisque
719 2260 860 2318 coutmuo
879 2261 1022 2338 perspicit
1040 2257 1076 2318 ad
1096 2258 1192 2319 Lucae
1213 2277 1238 2320 v.
1260 2255 1314 2337 12,
1329 2255 1373 2318 33

219 2364 387 2439 πωλήεατε
411 2362 451 2424 τά
474 2361 662 2440 ὑπάρχοντα
684 2360 774 2439 ὑμῶν
797 2362 848 2424 καὶ
871 2360 945 2425 δότε
964 2362 1193 2441 ἐλεημοεάνην·
1217 2363 1374 2440 ποιήεατε

220 2469 347 2532 ἑαυτοῑ(
372 2468 545 2548 βαλλάντια
569 2471 609 2547 μὴ
634 2469 865 2546 παλαιούμενα.
901 2470 990 2532 Libro
1014 2472 1106 2550 igitur
1129 2470 1375 2531 duodevicesimo

220 2580 400 2639 refutaverat
428 2578 554 2657 Cyriifus
581 2578 687 2638 iuliani
716 2577 818 2658 verba,
851 2597 926 2657 quae
955 2597 971 2637 a
998 2577 1104 2638 Photio
1139 2576 1226 2638 nobis
1254 2587 1376 2638 servata

221 2679 363 2767 (Amphil.
392 2694 504 2763 quaest.
531 2680 608 2767 101)
641 2684 697 2744 hoe
729 2684 794 2745 loco
823 2703 888 2745 esse
915 2685 1052 2764 ponenda
1084 2685 1141 2744 iam
1169 2701 1249 2744 nune
1272 2702 1377 2747 ‚nemo

220 2793 328 2852 infitias
350 2790 414 2852 ibit.

766 2914 818 2978 23.

312 3041 377 3121 Cyr.
397 3043 435 3120 fg.
454 3039 506 3103 48.
538 3042 633 3103 Etiam
657 3044 688 3102 in
708 3041 800 3102 altero
819 3040 895 3101 libro
914 3041 1045 3102 lulianus
1065 3039 1247 3101 Christianos
1268 3043 1379 3123 irrisit,

224 3149 303 3230 quod
315 3158 460 3228 martyres
470 3149 612 3229 colerent,
626 3148 655 3208 id
669 3148 748 3227 quod
763 3150 820 3208 iam
834 3150 865 3207 in
875 3149 972 3225 primo
983 3148 1107 3226 fecerat3
1122 3146 1159 3207 cf.
1169 3166 1197 3227 p.
1208 3143 1379 3228 335Bsqq.

570 3401 619 3459 Ex
643 3401 769 3460 incertis
797 3399 905 3473 Cyrflft'
927 3398 1022 3457 fibris.

774 3554 826 3618 24.

315 3684 459 3746 Iulianum
482 3687 513 3745 in
537 3683 662 3764 epistula
686 3683 721 3743 ad
742 3682 903 3743 Photiuum
926 3682 992 3743 data
1016 3676 1158 3763 (LXXIX.
1173 3674 1284 3765 Hertl.)
1308 3702 1381 3762 pro·

227 3795 339 3854 fessum
359 3810 424 3851 esse
445 3790 553 3852 librum
573 3800 675 3851 contra
690 3789 873 3850 Christianos
892 3807 923 3848 se
943 3790 1124 3868 scripturum
1144 3805 1210 3848 esse
1228 3789 1261 3848 in
1281 3792 1383 3870 capite

227 3904 323 3981 primo
347 3900 457 3959 monui.
494 3898 551 3958 Ubi
578 3897 613 3958 εὺ
638 3896 708 3973 μὲν,
737 3899 848 3977 inquit,
878 3891 904 3955 ὧ
930 3893 1084 3971 Φωτεινέ,
1112 3891 1247 3956 πιθανὸς
1276 3887 1382 3977 φαίνῃ

228 4005 279 4067 καὶ
293 4003 467 4080 ἐγγύτατα(
482 4006 540 4064 τὀὓ
555 4001 711 4078 (ώζεεθαι,
732 3999 767 4063 εὖ
782 4001 885 4062 ποιῶν
905 3999 940 4061 ἐν
955 3999 1055 4079 μήτρᾳ
1070 4000 1219 4076 μηδαμῶε
1240 3999 1384 4077 εἰεάγειν

228 4114 268 4176 ὃν
287 4111 469 4175 ἐπίετευεα(
488 4108 571 4174 θεόν.
610 4108 779 4187 Διόδωρος
794 4105 825 4171 δ’
845 4106 936 4170 ὁτοῦ
952 4102 1139 4183 Ναζωραίου
1159 4103 1262 4182 μάγο(
1280 4105 1384 4184 αὐτῆς

229 4220 489 4283 καλλωπιετικοῖε
522 4213 697 4293 μαγγάνοι(
729 4213 856 4278 ἀκονῶν
888 4210 1086 4291 παραδοξίαν
1118 4209 1192 4277 truc
1229 4210 1383 4293 ἀνεφάνη

230 4326 379 4403 εοφιετὴε
403 4321 566 4400 θρηεκείαε
586 4319 745 4398 ἀγροίκου.
784 4323 903 4383 Diodori
923 4330 1021 4382 autem
1041 4321 1206 4381 sententiae
1227 4320 1385 4384 adversari

233 4433 324 4495 voluit
348 4432 488 4496 lulianus.
526 4430 655 4492 Dubium
679 4431 770 4512 igitur
793 4447 859 4489 esse
882 4430 929 4489 vix
953 4434 1064 4509 potest,
1092 4429 1164 4507 quin
1188 4428 1293 4490 eadem
1319 4430 1385 4492 fere
