<?xml version="1.0" encoding="UTF-8"?>
<!DOCTYPE html PUBLIC "-//W3C//DTD XHTML 1.0 Transitional//EN"
    "http://www.w3.org/TR/xhtml1/DTD/xhtml1-transitional.dtd">
<html xmlns="http://www.w3.org/1999/xhtml" xml:lang="en" lang="en">
 <head>
  <title>
</title>
<meta http-equiv="Content-Type" content="text/html;charset=utf-8" />
  <meta name='ocr-system' content='tesseract 3.04.00' />
  <meta name='ocr-capabilities' content='ocr_page ocr_carea ocr_par ocr_line ocrx_word'/>
</head>
<body>
  <div class='ocr_page' id='page_1' title='image "./iulianiimperato00neumgoog_0106.png"; bbox 0 0 2926 5040; ppageno 0'>
   <div class='ocr_carea' id='block_1_1' title="bbox 486 335 1268 399">
    <p class='ocr_par' dir='ltr' id='par_1_1' title="bbox 486 335 1268 399">
     <span class='ocr_line' id='line_1_1' title="bbox 486 335 1268 399; baseline 0 -8"><span class='ocrx_word' id='word_1_1' title='bbox 486 338 527 391; x_wconf 91' lang='lat' dir='ltr'><strong>De</strong></span> <span class='ocrx_word' id='word_1_2' title='bbox 546 337 646 393; x_wconf 81' lang='lat' dir='ltr'><strong>iuliani</strong></span> <span class='ocrx_word' id='word_1_3' title='bbox 656 337 799 395; x_wconf 75' lang='lat' dir='ltr'><strong>,librorum</strong></span> <span class='ocrx_word' id='word_1_4' title='bbox 817 337 891 392; x_wconf 78' lang='lat' dir='ltr'><strong>fetis.</strong></span> <span class='ocrx_word' id='word_1_5' title='bbox 1224 335 1268 399; x_wconf 86' lang='lat'><strong>93</strong></span> 
     </span>
    </p>
   </div>
   <div class='ocr_carea' id='block_1_2' title="bbox 60 498 1268 4535">
    <p class='ocr_par' dir='ltr' id='par_1_2' title="bbox 110 498 1268 3345">
     <span class='ocr_line' id='line_1_2' title="bbox 115 498 1268 588; baseline -0.003 -22"><span class='ocrx_word' id='word_1_6' title='bbox 115 503 168 566; x_wconf 84' lang='grc' dir='ltr'><strong>καὶ</strong></span> <span class='ocrx_word' id='word_1_7' title='bbox 191 501 391 581; x_wconf 83' lang='grc' dir='ltr'>κρεοπώλαιε</span> <span class='ocrx_word' id='word_1_8' title='bbox 415 499 616 581; x_wconf 82' lang='grc' dir='ltr'>ἁρμόττοντα</span> <span class='ocrx_word' id='word_1_9' title='bbox 638 503 784 582; x_wconf 79' lang='grc' dir='ltr'>μιιήιατε</span> <span class='ocrx_word' id='word_1_10' title='bbox 810 498 865 587; x_wconf 81' lang='lat' dir='ltr'><strong>(sc.</strong></span> <span class='ocrx_word' id='word_1_11' title='bbox 889 498 916 564; x_wconf 84' lang='grc' dir='ltr'>ὦ</span> <span class='ocrx_word' id='word_1_12' title='bbox 938 498 1107 588; x_wconf 68' lang='grc' dir='ltr'>Ἕλληνες)</span> <span class='ocrx_word' id='word_1_13' title='bbox 1135 500 1268 580; x_wconf 85' lang='grc' dir='ltr'>Θύματα,</span> 
     </span>
     <span class='ocr_line' id='line_1_3' title="bbox 114 609 1267 693; baseline -0.002 -20"><span class='ocrx_word' id='word_1_14' title='bbox 114 611 174 688; x_wconf 89' lang='grc' dir='ltr'><strong>τὴν</strong></span> <span class='ocrx_word' id='word_1_15' title='bbox 198 611 233 673; x_wconf 84' lang='grc' dir='ltr'><strong>δὲ</strong></span> <span class='ocrx_word' id='word_1_16' title='bbox 256 614 312 690; x_wconf 68' lang='grc' dir='ltr'><strong>τῆς</strong></span> <span class='ocrx_word' id='word_1_17' title='bbox 340 609 490 676; x_wconf 78' lang='grc' dir='ltr'>αἰνέτεωε</span> <span class='ocrx_word' id='word_1_18' title='bbox 514 609 624 674; x_wconf 77' lang='grc' dir='ltr'>θυείαν</span> <span class='ocrx_word' id='word_1_19' title='bbox 647 614 694 693; x_wconf 84' lang='grc' dir='ltr'><strong>τῷ</strong></span> <span class='ocrx_word' id='word_1_20' title='bbox 717 614 832 692; x_wconf 84' lang='grc' dir='ltr'>ποιητῇ</span> <span class='ocrx_word' id='word_1_21' title='bbox 856 609 1099 687; x_wconf 77' lang='grc' dir='ltr'>προεενέγκατε.</span> <span class='ocrx_word' id='word_1_22' title='bbox 1129 610 1267 674; x_wconf 88' lang='grc' dir='ltr'>πειθέτω</span> 
     </span>
     <span class='ocr_line' id='line_1_4' title="bbox 114 715 1267 797; baseline -0.001 -18"><span class='ocrx_word' id='word_1_23' title='bbox 114 718 152 781; x_wconf 79' lang='grc' dir='ltr'><strong>δὲ</strong></span> <span class='ocrx_word' id='word_1_24' title='bbox 175 717 255 797; x_wconf 67' lang='grc' dir='ltr'><strong>ὑμᾶς</strong></span> <span class='ocrx_word' id='word_1_25' title='bbox 278 722 375 782; x_wconf 86' lang='grc' dir='ltr'>τοῦτο</span> <span class='ocrx_word' id='word_1_26' title='bbox 399 721 506 782; x_wconf 85' lang='grc' dir='ltr'>ποιεῖν</span> <span class='ocrx_word' id='word_1_27' title='bbox 529 719 569 796; x_wconf 88' lang='grc' dir='ltr'><strong>μὴ</strong></span> <span class='ocrx_word' id='word_1_28' title='bbox 592 721 659 780; x_wconf 86' lang='grc' dir='ltr'><strong>τῶν</strong></span> <span class='ocrx_word' id='word_1_29' title='bbox 684 715 918 796; x_wconf 80' lang='grc' dir='ltr'>βαιιλευόντων</span> <span class='ocrx_word' id='word_1_30' title='bbox 942 716 973 779; x_wconf 84' lang='grc' dir='ltr'><strong>οἱ</strong></span> <span class='ocrx_word' id='word_1_31' title='bbox 991 715 1085 795; x_wconf 90' lang='grc' dir='ltr'>νόμοι</span> <span class='ocrx_word' id='word_1_32' title='bbox 1109 717 1187 795; x_wconf 81' lang='grc' dir='ltr'>μηδὲ</span> <span class='ocrx_word' id='word_1_33' title='bbox 1211 721 1267 794; x_wconf 68' lang='grc' dir='ltr'><strong>τῆς</strong></span> 
     </span>
     <span class='ocr_line' id='line_1_5' title="bbox 113 822 1267 904; baseline -0.003 -16"><span class='ocrx_word' id='word_1_34' title='bbox 113 825 265 904; x_wconf 80' lang='grc' dir='ltr'>τιμωρίαι</span> <span class='ocrx_word' id='word_1_35' title='bbox 288 825 325 888; x_wconf 90' lang='grc' dir='ltr'><strong>τὸ</strong></span> <span class='ocrx_word' id='word_1_36' title='bbox 353 826 440 902; x_wconf 80' lang='grc' dir='ltr'>δέοι,</span> <span class='ocrx_word' id='word_1_37' title='bbox 471 823 555 888; x_wconf 76' lang='grc' dir='ltr'><strong>ἀλλὰ</strong></span> <span class='ocrx_word' id='word_1_38' title='bbox 581 829 637 902; x_wconf 68' lang='grc' dir='ltr'><strong>τῆς</strong></span> <span class='ocrx_word' id='word_1_39' title='bbox 665 822 815 903; x_wconf 76' lang='grc' dir='ltr'>ἀληθεία(</span> <span class='ocrx_word' id='word_1_40' title='bbox 842 823 880 887; x_wconf 90' lang='grc' dir='ltr'><strong>τὸ</strong></span> <span class='ocrx_word' id='word_1_41' title='bbox 904 822 1019 901; x_wconf 69' lang='grc' dir='ltr'>κράτος</span> <span class='ocrx_word' id='word_1_42' title='bbox 1042 822 1105 886; x_wconf 86' lang='grc' dir='ltr'><strong>κτὲ.</strong></span> <span class='ocrx_word' id='word_1_43' title='bbox 1142 825 1267 886; x_wconf 82' lang='lat' dir='ltr'><strong>Exstant</strong></span> 
     </span>
     <span class='ocr_line' id='line_1_6' title="bbox 115 931 1267 1013; baseline -0.002 -19"><span class='ocrx_word' id='word_1_44' title='bbox 115 944 215 996; x_wconf 91' lang='lat' dir='ltr'><strong>autem</strong></span> <span class='ocrx_word' id='word_1_45' title='bbox 238 934 312 996; x_wconf 89' lang='lat' dir='ltr'><strong>duae</strong></span> <span class='ocrx_word' id='word_1_46' title='bbox 337 933 498 994; x_wconf 82' lang='lat' dir='ltr'>Theodosii</span> <span class='ocrx_word' id='word_1_47' title='bbox 520 936 647 995; x_wconf 90' lang='lat' dir='ltr'><strong>iunioris</strong></span> <span class='ocrx_word' id='word_1_48' title='bbox 670 932 765 1013; x_wconf 88' lang='lat' dir='ltr'><strong>leges,</strong></span> <span class='ocrx_word' id='word_1_49' title='bbox 788 931 898 1012; x_wconf 88' lang='lat' dir='ltr'><strong>quibus</strong></span> <span class='ocrx_word' id='word_1_50' title='bbox 921 934 1027 1012; x_wconf 85' lang='lat' dir='ltr'><strong>pagani</strong></span> <span class='ocrx_word' id='word_1_51' title='bbox 1050 942 1188 993; x_wconf 90' lang='lat' dir='ltr'><strong>vetantur</strong></span> <span class='ocrx_word' id='word_1_52' title='bbox 1210 933 1267 992; x_wconf 90' lang='lat' dir='ltr'><strong>diis</strong></span> 
     </span>
     <span class='ocr_line' id='line_1_7' title="bbox 115 1034 1267 1123; baseline -0.002 -22"><span class='ocrx_word' id='word_1_53' title='bbox 115 1042 299 1122; x_wconf 82' lang='lat' dir='ltr'><strong>sacrificare3</strong></span> <span class='ocrx_word' id='word_1_54' title='bbox 322 1060 448 1121; x_wconf 90' lang='lat' dir='ltr'><strong>quarum</strong></span> <span class='ocrx_word' id='word_1_55' title='bbox 473 1041 564 1102; x_wconf 89' lang='lat' dir='ltr'><strong>altera</strong></span> <span class='ocrx_word' id='word_1_56' title='bbox 589 1035 668 1123; x_wconf 89' lang='lat' dir='ltr'><strong>(cod.</strong></span> <span class='ocrx_word' id='word_1_57' title='bbox 693 1041 803 1101; x_wconf 85' lang='lat' dir='ltr'><strong>Theod.</strong></span> <span class='ocrx_word' id='word_1_58' title='bbox 823 1040 895 1100; x_wconf 87' lang='lat' dir='ltr'>XVI.</span> <span class='ocrx_word' id='word_1_59' title='bbox 919 1039 977 1101; x_wconf 86' lang='lat' dir='ltr'><strong>Tit.</strong></span> <span class='ocrx_word' id='word_1_60' title='bbox 996 1038 1031 1100; x_wconf 88' lang='lat' dir='ltr'><strong>X.</strong></span> <span class='ocrx_word' id='word_1_61' title='bbox 1050 1034 1107 1122; x_wconf 78' lang='lat'><strong>23)</strong></span> <span class='ocrx_word' id='word_1_62' title='bbox 1131 1041 1197 1101; x_wconf 93' lang='lat' dir='ltr'><strong>data</strong></span> <span class='ocrx_word' id='word_1_63' title='bbox 1221 1049 1267 1099; x_wconf 90' lang='lat' dir='ltr'><strong>est</strong></span> 
     </span>
     <span class='ocr_line' id='line_1_8' title="bbox 115 1142 1267 1229; baseline -0.001 -21"><span class='ocrx_word' id='word_1_64' title='bbox 115 1166 193 1209; x_wconf 92' lang='lat' dir='ltr'><strong>anno</strong></span> <span class='ocrx_word' id='word_1_65' title='bbox 216 1167 245 1228; x_wconf 89' lang='lat' dir='ltr'><strong>p.</strong></span> <span class='ocrx_word' id='word_1_66' title='bbox 268 1148 299 1209; x_wconf 86' lang='lat' dir='ltr'><strong>C.</strong></span> <span class='ocrx_word' id='word_1_67' title='bbox 323 1168 351 1209; x_wconf 93' lang='lat' dir='ltr'><strong>n.</strong></span> <span class='ocrx_word' id='word_1_68' title='bbox 370 1146 449 1229; x_wconf 78' lang='lat'><strong>423,</strong></span> <span class='ocrx_word' id='word_1_69' title='bbox 473 1148 564 1209; x_wconf 87' lang='lat' dir='ltr'><strong>altera</strong></span> <span class='ocrx_word' id='word_1_70' title='bbox 587 1142 665 1229; x_wconf 90' lang='lat' dir='ltr'><strong>(cod.</strong></span> <span class='ocrx_word' id='word_1_71' title='bbox 690 1148 801 1209; x_wconf 89' lang='lat' dir='ltr'><strong>Theod.</strong></span> <span class='ocrx_word' id='word_1_72' title='bbox 820 1147 892 1207; x_wconf 86' lang='lat' dir='ltr'><strong>XVI.</strong></span> <span class='ocrx_word' id='word_1_73' title='bbox 916 1146 974 1208; x_wconf 84' lang='lat' dir='ltr'><strong>Tit.</strong></span> <span class='ocrx_word' id='word_1_74' title='bbox 993 1145 1028 1207; x_wconf 92' lang='lat' dir='ltr'><strong>X.</strong></span> <span class='ocrx_word' id='word_1_75' title='bbox 1047 1142 1105 1228; x_wconf 80' lang='lat'><strong>25)</strong></span> <span class='ocrx_word' id='word_1_76' title='bbox 1130 1147 1267 1207; x_wconf 83' lang='lat' dir='ltr'><strong>Garnerii</strong></span> 
     </span>
     <span class='ocr_line' id='line_1_9' title="bbox 115 1251 1266 1335; baseline -0.003 -19"><span class='ocrx_word' id='word_1_77' title='bbox 115 1254 300 1335; x_wconf 77' lang='lat' dir='ltr'><strong>temporibus</strong></span> <span class='ocrx_word' id='word_1_78' title='bbox 332 1254 519 1316; x_wconf 89' lang='lat' dir='ltr'><strong>tribuebatur</strong></span> <span class='ocrx_word' id='word_1_79' title='bbox 552 1273 629 1315; x_wconf 89' lang='lat' dir='ltr'><strong>anno</strong></span> <span class='ocrx_word' id='word_1_80' title='bbox 661 1251 736 1315; x_wconf 78' lang='grc'><strong>426.</strong></span> <span class='ocrx_word' id='word_1_81' title='bbox 782 1254 819 1314; x_wconf 88' lang='lat' dir='ltr'><strong>Et</strong></span> <span class='ocrx_word' id='word_1_82' title='bbox 853 1254 929 1314; x_wconf 86' lang='lat' dir='ltr'><strong>hanc</strong></span> <span class='ocrx_word' id='word_1_83' title='bbox 962 1252 1082 1332; x_wconf 88' lang='lat' dir='ltr'><strong>quidem</strong></span> <span class='ocrx_word' id='word_1_84' title='bbox 1115 1262 1266 1333; x_wconf 79' lang='lat' dir='ltr'><strong>spectasse</strong></span> 
     </span>
     <span class='ocr_line' id='line_1_10' title="bbox 116 1354 1268 1442; baseline -0.002 -21"><span class='ocrx_word' id='word_1_85' title='bbox 116 1354 430 1423; x_wconf 74' lang='lat' dir='ltr'><strong>theodoretum&#39;cum</strong></span> <span class='ocrx_word' id='word_1_86' title='bbox 458 1361 653 1422; x_wconf 83' lang='lat' dir='ltr'>contenderet</span> <span class='ocrx_word' id='word_1_87' title='bbox 676 1361 852 1442; x_wconf 87' lang='lat' dir='ltr'><strong>Garnerius,</strong></span> <span class='ocrx_word' id='word_1_88' title='bbox 877 1363 1033 1440; x_wconf 86' lang='lat' dir='ltr'><strong>scripsisse</strong></span> <span class='ocrx_word' id='word_1_89' title='bbox 1057 1379 1126 1421; x_wconf 89' lang='lat' dir='ltr'><strong>eum</strong></span> <span class='ocrx_word' id='word_1_90' title='bbox 1149 1362 1268 1420; x_wconf 88' lang='lat' dir='ltr'><strong>censuit</strong></span> 
     </span>
     <span class='ocr_line' id='line_1_11' title="bbox 115 1465 1267 1548; baseline 0 -20"><span class='ocrx_word' id='word_1_91' title='bbox 115 1487 193 1529; x_wconf 91' lang='lat' dir='ltr'><strong>anno</strong></span> <span class='ocrx_word' id='word_1_92' title='bbox 211 1465 290 1548; x_wconf 75' lang='lat'><strong>4273</strong></span> <span class='ocrx_word' id='word_1_93' title='bbox 313 1468 343 1528; x_wconf 94' lang='lat' dir='ltr'><strong>id</strong></span> <span class='ocrx_word' id='word_1_94' title='bbox 367 1487 426 1548; x_wconf 88' lang='lat' dir='ltr'><strong>quo</strong></span> <span class='ocrx_word' id='word_1_95' title='bbox 449 1469 514 1529; x_wconf 85' lang='lat' dir='ltr'><strong>fieri</strong></span> <span class='ocrx_word' id='word_1_96' title='bbox 532 1486 591 1528; x_wconf 95' lang='lat' dir='ltr'><strong>non</strong></span> <span class='ocrx_word' id='word_1_97' title='bbox 610 1486 698 1548; x_wconf 89' lang='lat' dir='ltr'><strong>posse</strong></span> <span class='ocrx_word' id='word_1_98' title='bbox 723 1487 813 1548; x_wconf 91' lang='lat' dir='ltr'><strong>supra</strong></span> <span class='ocrx_word' id='word_1_99' title='bbox 831 1468 1034 1529; x_wconf 81' lang='lat' dir='ltr'><strong>indicavimus</strong></span> <span class='ocrx_word' id='word_1_100' title='bbox 1067 1467 1133 1528; x_wconf 88' lang='lat' dir='ltr'><strong>Huc</strong></span> <span class='ocrx_word' id='word_1_101' title='bbox 1152 1467 1267 1528; x_wconf 90' lang='lat' dir='ltr'><strong>accedit</strong></span> 
     </span>
     <span class='ocr_line' id='line_1_12' title="bbox 115 1570 1267 1657; baseline -0.002 -22"><span class='ocrx_word' id='word_1_102' title='bbox 115 1576 196 1655; x_wconf 88' lang='lat' dir='ltr'><strong>quod</strong></span> <span class='ocrx_word' id='word_1_103' title='bbox 219 1593 253 1636; x_wconf 91' lang='lat' dir='ltr'><strong>ea</strong></span> <span class='ocrx_word' id='word_1_104' title='bbox 275 1575 336 1656; x_wconf 86' lang='lat' dir='ltr'><strong>Iex,</strong></span> <span class='ocrx_word' id='word_1_105' title='bbox 362 1593 420 1654; x_wconf 91' lang='lat' dir='ltr'><strong>qua</strong></span> <span class='ocrx_word' id='word_1_106' title='bbox 443 1575 605 1635; x_wconf 87' lang='lat' dir='ltr'><strong>Garnerius</strong></span> <span class='ocrx_word' id='word_1_107' title='bbox 629 1577 748 1657; x_wconf 91' lang='lat' dir='ltr'><strong>nititur,</strong></span> <span class='ocrx_word' id='word_1_108' title='bbox 775 1577 898 1636; x_wconf 78' lang='lat' dir='ltr'><strong>mInime</strong></span> <span class='ocrx_word' id='word_1_109' title='bbox 927 1575 993 1636; x_wconf 91' lang='lat' dir='ltr'><strong>data</strong></span> <span class='ocrx_word' id='word_1_110' title='bbox 1017 1584 1063 1635; x_wconf 91' lang='lat' dir='ltr'><strong>est</strong></span> <span class='ocrx_word' id='word_1_111' title='bbox 1086 1592 1163 1634; x_wconf 92' lang='lat' dir='ltr'><strong>anno</strong></span> <span class='ocrx_word' id='word_1_112' title='bbox 1187 1570 1267 1654; x_wconf 76' lang='lat'><strong>4263</strong></span> 
     </span>
     <span class='ocr_line' id='line_1_13' title="bbox 115 1676 1265 1762; baseline -0.003 -19"><span class='ocrx_word' id='word_1_113' title='bbox 115 1685 203 1743; x_wconf 87' lang='lat' dir='ltr'><strong>cuius</strong></span> <span class='ocrx_word' id='word_1_114' title='bbox 226 1676 476 1762; x_wconf 77' lang='lat' dir='ltr'><strong>subscriptionem</strong></span> <span class='ocrx_word' id='word_1_115' title='bbox 500 1677 574 1743; x_wconf 72' lang='lat' dir='ltr'><strong>‘Iiat</strong></span> <span class='ocrx_word' id='word_1_116' title='bbox 599 1681 713 1741; x_wconf 93' lang='lat' dir='ltr'><strong>XVIIII.</strong></span> <span class='ocrx_word' id='word_1_117' title='bbox 737 1681 857 1742; x_wconf 84' lang='lat' dir='ltr'>Kalend.</span> <span class='ocrx_word' id='word_1_118' title='bbox 882 1681 1019 1743; x_wconf 84' lang='lat' dir='ltr'><strong>Decemb.</strong></span> <span class='ocrx_word' id='word_1_119' title='bbox 1044 1682 1074 1742; x_wconf 83' lang='lat' dir='ltr'><strong>C.</strong></span> <span class='ocrx_word' id='word_1_120' title='bbox 1098 1680 1130 1742; x_wconf 90' lang='lat' dir='ltr'><strong>P.</strong></span> <span class='ocrx_word' id='word_1_121' title='bbox 1154 1679 1265 1741; x_wconf 85' lang='lat' dir='ltr'><strong>Theod.</strong></span> 
     </span>
     <span class='ocr_line' id='line_1_14' title="bbox 114 1784 1265 1869; baseline -0.001 -21"><span class='ocrx_word' id='word_1_122' title='bbox 114 1788 177 1849; x_wconf 86' lang='lat' dir='ltr'><strong>XII.</strong></span> <span class='ocrx_word' id='word_1_123' title='bbox 201 1808 237 1849; x_wconf 86' lang='lat' dir='ltr'><strong>er</strong></span> <span class='ocrx_word' id='word_1_124' title='bbox 260 1787 371 1849; x_wconf 86' lang='lat' dir='ltr'><strong>Valent.</strong></span> <span class='ocrx_word' id='word_1_125' title='bbox 394 1787 456 1849; x_wconf 94' lang='lat' dir='ltr'><strong>IIII.</strong></span> <span class='ocrx_word' id='word_1_126' title='bbox 480 1791 537 1850; x_wconf 83' lang='grc' dir='ltr'><strong>ΑΑ.</strong></span> <span class='ocrx_word' id='word_1_127' title='bbox 561 1784 670 1850; x_wconf 66' lang='lat' dir='ltr'><strong>conss?</strong></span> <span class='ocrx_word' id='word_1_128' title='bbox 693 1791 732 1850; x_wconf 91' lang='lat' dir='ltr'><strong>ita</strong></span> <span class='ocrx_word' id='word_1_129' title='bbox 758 1787 848 1849; x_wconf 79' lang='lat' dir='ltr'><strong>scribi</strong></span> <span class='ocrx_word' id='word_1_130' title='bbox 872 1807 932 1849; x_wconf 91' lang='lat' dir='ltr'><strong>non</strong></span> <span class='ocrx_word' id='word_1_131' title='bbox 955 1791 1102 1869; x_wconf 87' lang='lat' dir='ltr'><strong>potuisse,</strong></span> <span class='ocrx_word' id='word_1_132' title='bbox 1126 1787 1178 1848; x_wconf 90' lang='lat' dir='ltr'><strong>sed</strong></span> <span class='ocrx_word' id='word_1_133' title='bbox 1203 1806 1265 1847; x_wconf 88' lang='lat' dir='ltr'><strong>rnu-</strong></span> 
     </span>
     <span class='ocr_line' id='line_1_15' title="bbox 114 1890 1265 1957; baseline -0.002 0"><span class='ocrx_word' id='word_1_134' title='bbox 114 1896 233 1957; x_wconf 90' lang='lat' dir='ltr'><strong>tandam</strong></span> <span class='ocrx_word' id='word_1_135' title='bbox 255 1914 320 1957; x_wconf 90' lang='lat' dir='ltr'><strong>esse</strong></span> <span class='ocrx_word' id='word_1_136' title='bbox 343 1897 374 1956; x_wconf 93' lang='lat' dir='ltr'><strong>in</strong></span> <span class='ocrx_word' id='word_1_137' title='bbox 398 1890 472 1956; x_wconf 76' lang='lat' dir='ltr'><strong>‘Iiat</strong></span> <span class='ocrx_word' id='word_1_138' title='bbox 492 1894 592 1955; x_wconf 92' lang='lat' dir='ltr'><strong>XVIII.</strong></span> <span class='ocrx_word' id='word_1_139' title='bbox 614 1894 735 1954; x_wconf 84' lang='lat' dir='ltr'>Kalend.</span> <span class='ocrx_word' id='word_1_140' title='bbox 755 1895 891 1955; x_wconf 80' lang='lat' dir='ltr'><strong>IIecemb.</strong></span> <span class='ocrx_word' id='word_1_141' title='bbox 916 1895 946 1956; x_wconf 87' lang='lat' dir='ltr'><strong>C.</strong></span> <span class='ocrx_word' id='word_1_142' title='bbox 966 1894 996 1955; x_wconf 87' lang='lat' dir='ltr'><strong>P.</strong></span> <span class='ocrx_word' id='word_1_143' title='bbox 1020 1895 1131 1955; x_wconf 86' lang='lat' dir='ltr'><strong>Theod.</strong></span> <span class='ocrx_word' id='word_1_144' title='bbox 1151 1893 1210 1955; x_wconf 91' lang='lat' dir='ltr'><strong>XV.</strong></span> <span class='ocrx_word' id='word_1_145' title='bbox 1236 1905 1265 1955; x_wconf 93' lang='lat' dir='ltr'><strong>et</strong></span> 
     </span>
     <span class='ocr_line' id='line_1_16' title="bbox 114 1998 1261 2064; baseline 0 -2"><span class='ocrx_word' id='word_1_146' title='bbox 114 2002 227 2064; x_wconf 92' lang='lat' dir='ltr'><strong>Valent.</strong></span> <span class='ocrx_word' id='word_1_147' title='bbox 245 2002 290 2064; x_wconf 95' lang='lat' dir='ltr'><strong>IV.</strong></span> <span class='ocrx_word' id='word_1_148' title='bbox 313 2003 370 2062; x_wconf 85' lang='grc' dir='ltr'><strong>ΑΑ.</strong></span> <span class='ocrx_word' id='word_1_149' title='bbox 394 1998 503 2063; x_wconf 65' lang='lat' dir='ltr'><strong>conss?</strong></span> <span class='ocrx_word' id='word_1_150' title='bbox 527 2005 584 2064; x_wconf 92' lang='lat' dir='ltr'><strong>iam</strong></span> <span class='ocrx_word' id='word_1_151' title='bbox 607 2003 658 2063; x_wconf 91' lang='lat' dir='ltr'><strong>din</strong></span> <span class='ocrx_word' id='word_1_152' title='bbox 682 2001 866 2063; x_wconf 90' lang='lat' dir='ltr'><strong>intellectum</strong></span> <span class='ocrx_word' id='word_1_153' title='bbox 889 2013 935 2064; x_wconf 92' lang='lat' dir='ltr'><strong>est</strong></span> <span class='ocrx_word' id='word_1_154' title='bbox 958 2012 989 2064; x_wconf 92' lang='lat' dir='ltr'><strong>et</strong></span> <span class='ocrx_word' id='word_1_155' title='bbox 1011 2003 1047 2064; x_wconf 92' lang='lat' dir='ltr'><strong>ab</strong></span> <span class='ocrx_word' id='word_1_156' title='bbox 1066 2003 1207 2064; x_wconf 87' lang='lat' dir='ltr'><strong>Haenelio</strong></span> <span class='ocrx_word' id='word_1_157' title='bbox 1230 2005 1261 2062; x_wconf 91' lang='lat' dir='ltr'><strong>in</strong></span> 
     </span>
     <span class='ocr_line' id='line_1_17' title="bbox 114 2096 1264 2190; baseline -0.001 -20"><span class='ocrx_word' id='word_1_158' title='bbox 114 2109 245 2170; x_wconf 88' lang='lat' dir='ltr'><strong>editione</strong></span> <span class='ocrx_word' id='word_1_159' title='bbox 263 2109 507 2172; x_wconf 88' lang='lat' dir='ltr'><strong>animadversum.</strong></span> <span class='ocrx_word' id='word_1_160' title='bbox 544 2109 624 2190; x_wconf 84' lang='lat' dir='ltr'><strong>Ergo</strong></span> <span class='ocrx_word' id='word_1_161' title='bbox 643 2108 710 2170; x_wconf 88' lang='lat' dir='ltr'><strong>data</strong></span> <span class='ocrx_word' id='word_1_162' title='bbox 729 2119 775 2170; x_wconf 91' lang='lat' dir='ltr'><strong>est</strong></span> <span class='ocrx_word' id='word_1_163' title='bbox 798 2109 844 2169; x_wconf 84' lang='lat' dir='ltr'><strong>Iex</strong></span> <span class='ocrx_word' id='word_1_164' title='bbox 868 2109 916 2170; x_wconf 88' lang='lat' dir='ltr'><strong>illa</strong></span> <span class='ocrx_word' id='word_1_165' title='bbox 935 2096 1012 2171; x_wconf 93' lang='lat' dir='ltr'><strong>anno</strong></span> <span class='ocrx_word' id='word_1_166' title='bbox 1031 2130 1059 2190; x_wconf 92' lang='lat' dir='ltr'><strong>p.</strong></span> <span class='ocrx_word' id='word_1_167' title='bbox 1079 2110 1130 2171; x_wconf 83' lang='lat' dir='ltr'><strong>uh.</strong></span> <span class='ocrx_word' id='word_1_168' title='bbox 1146 2130 1173 2171; x_wconf 95' lang='lat' dir='ltr'><strong>n.</strong></span> <span class='ocrx_word' id='word_1_169' title='bbox 1189 2106 1264 2170; x_wconf 82' lang='lat'><strong>435.</strong></span> 
     </span>
     <span class='ocr_line' id='line_1_18' title="bbox 114 2215 1265 2297; baseline 0.001 -22"><span class='ocrx_word' id='word_1_170' title='bbox 114 2215 188 2277; x_wconf 88' lang='lat' dir='ltr'><strong>Post</strong></span> <span class='ocrx_word' id='word_1_171' title='bbox 207 2234 294 2296; x_wconf 90' lang='lat' dir='ltr'><strong>quam</strong></span> <span class='ocrx_word' id='word_1_172' title='bbox 313 2219 339 2277; x_wconf 93' lang='lat' dir='ltr'><strong>si</strong></span> <span class='ocrx_word' id='word_1_173' title='bbox 358 2235 391 2277; x_wconf 92' lang='lat' dir='ltr'><strong>re</strong></span> <span class='ocrx_word' id='word_1_174' title='bbox 411 2235 479 2277; x_wconf 90' lang='lat' dir='ltr'><strong>vera</strong></span> <span class='ocrx_word' id='word_1_175' title='bbox 499 2218 603 2296; x_wconf 89' lang='lat' dir='ltr'><strong>scripti</strong></span> <span class='ocrx_word' id='word_1_176' title='bbox 622 2218 683 2277; x_wconf 92' lang='lat' dir='ltr'><strong>sint</strong></span> <span class='ocrx_word' id='word_1_177' title='bbox 701 2216 922 2297; x_wconf 87' lang='lat' dir='ltr'><strong>therapeuticae</strong></span> <span class='ocrx_word' id='word_1_178' title='bbox 941 2217 1022 2297; x_wconf 84' lang='lat' dir='ltr'><strong>libri,</strong></span> <span class='ocrx_word' id='word_1_179' title='bbox 1045 2216 1175 2296; x_wconf 89' lang='lat' dir='ltr'><strong>ponendi</strong></span> <span class='ocrx_word' id='word_1_180' title='bbox 1201 2219 1265 2278; x_wconf 91' lang='lat' dir='ltr'><strong>sine</strong></span> 
     </span>
     <span class='ocr_line' id='line_1_19' title="bbox 114 2321 1266 2405; baseline 0.002 -23"><span class='ocrx_word' id='word_1_181' title='bbox 114 2321 207 2383; x_wconf 92' lang='lat' dir='ltr'><strong>dubio</strong></span> <span class='ocrx_word' id='word_1_182' title='bbox 230 2325 261 2384; x_wconf 94' lang='lat' dir='ltr'><strong>in</strong></span> <span class='ocrx_word' id='word_1_183' title='bbox 283 2323 356 2405; x_wconf 89' lang='lat' dir='ltr'><strong>illis,</strong></span> <span class='ocrx_word' id='word_1_184' title='bbox 384 2343 460 2403; x_wconf 87' lang='lat' dir='ltr'><strong>quos</strong></span> <span class='ocrx_word' id='word_1_185' title='bbox 484 2333 552 2385; x_wconf 90' lang='lat' dir='ltr'><strong>ante</strong></span> <span class='ocrx_word' id='word_1_186' title='bbox 580 2324 736 2385; x_wconf 89' lang='lat' dir='ltr'><strong>duodecim</strong></span> <span class='ocrx_word' id='word_1_187' title='bbox 760 2342 854 2384; x_wconf 89' lang='lat' dir='ltr'><strong>annos</strong></span> <span class='ocrx_word' id='word_1_188' title='bbox 883 2344 914 2385; x_wconf 92' lang='lat' dir='ltr'><strong>se</strong></span> <span class='ocrx_word' id='word_1_189' title='bbox 943 2327 1098 2404; x_wconf 90' lang='lat' dir='ltr'><strong>scripsisse</strong></span> <span class='ocrx_word' id='word_1_190' title='bbox 1125 2323 1266 2384; x_wconf 90' lang='lat' dir='ltr'><strong>indicavit</strong></span> 
     </span>
     <span class='ocr_line' id='line_1_20' title="bbox 113 2428 1265 2512; baseline 0 -23"><span class='ocrx_word' id='word_1_191' title='bbox 113 2428 330 2512; x_wconf 88' lang='lat' dir='ltr'><strong>Theodoretus,</strong></span> <span class='ocrx_word' id='word_1_192' title='bbox 353 2449 424 2511; x_wconf 89' lang='lat' dir='ltr'><strong>ergo</strong></span> <span class='ocrx_word' id='word_1_193' title='bbox 444 2449 520 2491; x_wconf 92' lang='lat' dir='ltr'><strong>anno</strong></span> <span class='ocrx_word' id='word_1_194' title='bbox 539 2428 604 2492; x_wconf 78' lang='grc'><strong>437</strong></span> <span class='ocrx_word' id='word_1_195' title='bbox 629 2430 797 2492; x_wconf 91' lang='lat' dir='ltr'><strong>censendus</strong></span> <span class='ocrx_word' id='word_1_196' title='bbox 817 2430 865 2490; x_wconf 90' lang='lat' dir='ltr'><strong>ille</strong></span> <span class='ocrx_word' id='word_1_197' title='bbox 885 2429 1066 2490; x_wconf 85' lang='lat' dir='ltr'><strong>Graecorum</strong></span> <span class='ocrx_word' id='word_1_198' title='bbox 1090 2429 1265 2510; x_wconf 84' lang='lat' dir='ltr'><strong>reIIgionem</strong></span> 
     </span>
     <span class='ocr_line' id='line_1_21' title="bbox 112 2536 1264 2619; baseline 0.002 -23"><span class='ocrx_word' id='word_1_199' title='bbox 112 2538 313 2616; x_wconf 85' lang='lat' dir='ltr'><strong>impugnasse.</strong></span> <span class='ocrx_word' id='word_1_200' title='bbox 351 2536 408 2597; x_wconf 85' lang='lat' dir='ltr'><strong>Sed</strong></span> <span class='ocrx_word' id='word_1_201' title='bbox 428 2539 516 2598; x_wconf 91' lang='lat' dir='ltr'><strong>etiam</strong></span> <span class='ocrx_word' id='word_1_202' title='bbox 536 2537 571 2597; x_wconf 91' lang='lat' dir='ltr'><strong>ad</strong></span> <span class='ocrx_word' id='word_1_203' title='bbox 590 2537 666 2598; x_wconf 89' lang='lat' dir='ltr'><strong>hanc</strong></span> <span class='ocrx_word' id='word_1_204' title='bbox 685 2536 780 2619; x_wconf 86' lang='lat' dir='ltr'><strong>Iegem</strong></span> <span class='ocrx_word' id='word_1_205' title='bbox 799 2540 951 2617; x_wconf 88' lang='lat' dir='ltr'><strong>pertinere</strong></span> <span class='ocrx_word' id='word_1_206' title='bbox 972 2540 1036 2598; x_wconf 90' lang='lat' dir='ltr'><strong>eius</strong></span> <span class='ocrx_word' id='word_1_207' title='bbox 1055 2536 1144 2598; x_wconf 87' lang='lat' dir='ltr'><strong>verba</strong></span> <span class='ocrx_word' id='word_1_208' title='bbox 1164 2555 1264 2616; x_wconf 85' lang='lat' dir='ltr'><strong>quam·</strong></span> 
     </span>
     <span class='ocr_line' id='line_1_22' title="bbox 113 2643 1264 2724; baseline 0.002 -22"><span class='ocrx_word' id='word_1_209' title='bbox 113 2661 204 2722; x_wconf 87' lang='lat' dir='ltr'><strong>quam</strong></span> <span class='ocrx_word' id='word_1_210' title='bbox 224 2644 376 2705; x_wconf 77' lang='lat' dir='ltr'><strong>contendit</strong></span> <span class='ocrx_word' id='word_1_211' title='bbox 395 2643 565 2724; x_wconf 87' lang='lat' dir='ltr'><strong>Garnerius‚</strong></span> <span class='ocrx_word' id='word_1_212' title='bbox 589 2647 771 2724; x_wconf 82' lang='lat' dir='ltr'><strong>argumentis</strong></span> <span class='ocrx_word' id='word_1_213' title='bbox 796 2663 855 2705; x_wconf 91' lang='lat' dir='ltr'><strong>non</strong></span> <span class='ocrx_word' id='word_1_214' title='bbox 879 2645 1005 2704; x_wconf 87' lang='lat' dir='ltr'><strong>firmavit</strong></span> <span class='ocrx_word' id='word_1_215' title='bbox 1026 2662 1122 2722; x_wconf 82' lang='lat' dir='ltr'><strong>neque</strong></span> <span class='ocrx_word' id='word_1_216' title='bbox 1146 2645 1264 2704; x_wconf 85' lang='lat' dir='ltr'><strong>firmare</strong></span> 
     </span>
     <span class='ocr_line' id='line_1_23' title="bbox 112 2749 1265 2831; baseline 0.001 -22"><span class='ocrx_word' id='word_1_217' title='bbox 112 2751 248 2829; x_wconf 90' lang='lat' dir='ltr'><strong>potuisse</strong></span> <span class='ocrx_word' id='word_1_218' title='bbox 273 2750 344 2811; x_wconf 91' lang='lat' dir='ltr'><strong>mibi</strong></span> <span class='ocrx_word' id='word_1_219' title='bbox 373 2751 498 2812; x_wconf 91' lang='lat' dir='ltr'><strong>videtur.</strong></span> <span class='ocrx_word' id='word_1_220' title='bbox 534 2751 666 2831; x_wconf 91' lang='lat' dir='ltr'><strong>Utraque</strong></span> <span class='ocrx_word' id='word_1_221' title='bbox 696 2753 774 2811; x_wconf 90' lang='lat' dir='ltr'><strong>enim</strong></span> <span class='ocrx_word' id='word_1_222' title='bbox 803 2750 867 2830; x_wconf 89' lang='lat' dir='ltr'><strong>lege</strong></span> <span class='ocrx_word' id='word_1_223' title='bbox 896 2751 1049 2810; x_wconf 83' lang='lat' dir='ltr'><strong>sacrificiis</strong></span> <span class='ocrx_word' id='word_1_224' title='bbox 1076 2749 1265 2811; x_wconf 85' lang='lat' dir='ltr'><strong>interdicitur</strong></span> 
     </span>
     <span class='ocr_line' id='line_1_24' title="bbox 111 2855 1264 2938; baseline 0 -22"><span class='ocrx_word' id='word_1_225' title='bbox 111 2858 245 2936; x_wconf 88' lang='lat' dir='ltr'><strong>paganis.</strong></span> <span class='ocrx_word' id='word_1_226' title='bbox 281 2857 359 2936; x_wconf 86' lang='lat' dir='ltr'><strong>Ergo</strong></span> <span class='ocrx_word' id='word_1_227' title='bbox 382 2858 447 2919; x_wconf 88' lang='lat' dir='ltr'><strong>fieri</strong></span> <span class='ocrx_word' id='word_1_228' title='bbox 471 2859 559 2919; x_wconf 90' lang='lat' dir='ltr'><strong>etiam</strong></span> <span class='ocrx_word' id='word_1_229' title='bbox 587 2866 698 2938; x_wconf 90' lang='lat' dir='ltr'><strong>potest,</strong></span> <span class='ocrx_word' id='word_1_230' title='bbox 727 2866 760 2918; x_wconf 90' lang='lat' dir='ltr'><strong>nt</strong></span> <span class='ocrx_word' id='word_1_231' title='bbox 783 2857 875 2918; x_wconf 84' lang='lat' dir='ltr'><strong>solam</strong></span> <span class='ocrx_word' id='word_1_232' title='bbox 903 2858 1034 2937; x_wconf 90' lang='lat' dir='ltr'><strong>priorem</strong></span> <span class='ocrx_word' id='word_1_233' title='bbox 1064 2855 1160 2936; x_wconf 89' lang='lat' dir='ltr'><strong>Iegem</strong></span> <span class='ocrx_word' id='word_1_234' title='bbox 1188 2874 1264 2916; x_wconf 90' lang='lat' dir='ltr'><strong>anno</strong></span> 
     </span>
     <span class='ocr_line' id='line_1_25' title="bbox 110 2959 1264 3045; baseline 0 -23"><span class='ocrx_word' id='word_1_235' title='bbox 110 2959 182 3024; x_wconf 82' lang='lat'><strong>423</strong></span> <span class='ocrx_word' id='word_1_236' title='bbox 209 2962 305 3024; x_wconf 88' lang='lat' dir='ltr'><strong>datam</strong></span> <span class='ocrx_word' id='word_1_237' title='bbox 329 2967 507 3045; x_wconf 85' lang='lat' dir='ltr'><strong>spectaverit</strong></span> <span class='ocrx_word' id='word_1_238' title='bbox 529 2964 750 3044; x_wconf 86' lang='lat' dir='ltr'><strong>Theodoretus;</strong></span> <span class='ocrx_word' id='word_1_239' title='bbox 778 2963 857 3042; x_wconf 85' lang='lat' dir='ltr'><strong>quod</strong></span> <span class='ocrx_word' id='word_1_240' title='bbox 882 2966 933 3042; x_wconf 83' lang='lat' dir='ltr'><strong>qui</strong></span> <span class='ocrx_word' id='word_1_241' title='bbox 961 2965 1065 3024; x_wconf 89' lang='lat' dir='ltr'><strong>statuit</strong></span> <span class='ocrx_word' id='word_1_242' title='bbox 1089 2963 1129 3023; x_wconf 95' lang='lat' dir='ltr'><strong>niI</strong></span> <span class='ocrx_word' id='word_1_243' title='bbox 1153 2965 1264 3023; x_wconf 88' lang='lat' dir='ltr'><strong>certius</strong></span> 
     </span>
     <span class='ocr_line' id='line_1_26' title="bbox 111 3068 1264 3151; baseline 0.002 -23"><span class='ocrx_word' id='word_1_244' title='bbox 111 3068 271 3130; x_wconf 83' lang='lat' dir='ltr'><strong>adfirmare</strong></span> <span class='ocrx_word' id='word_1_245' title='bbox 293 3079 392 3150; x_wconf 91' lang='lat' dir='ltr'><strong>potest</strong></span> <span class='ocrx_word' id='word_1_246' title='bbox 415 3072 472 3131; x_wconf 91' lang='lat' dir='ltr'><strong>nisi</strong></span> <span class='ocrx_word' id='word_1_247' title='bbox 495 3069 702 3131; x_wconf 87' lang='lat' dir='ltr'><strong>circumscribi</strong></span> <span class='ocrx_word' id='word_1_248' title='bbox 725 3069 755 3129; x_wconf 94' lang='lat' dir='ltr'><strong>id</strong></span> <span class='ocrx_word' id='word_1_249' title='bbox 774 3088 833 3148; x_wconf 91' lang='lat' dir='ltr'><strong>quo</strong></span> <span class='ocrx_word' id='word_1_250' title='bbox 857 3072 968 3148; x_wconf 87' lang='lat' dir='ltr'><strong>scripta</strong></span> <span class='ocrx_word' id='word_1_251' title='bbox 992 3077 1038 3130; x_wconf 91' lang='lat' dir='ltr'><strong>est</strong></span> <span class='ocrx_word' id='word_1_252' title='bbox 1060 3069 1264 3151; x_wconf 89' lang='lat' dir='ltr'><strong>therapeutica</strong></span> 
     </span>
     <span class='ocr_line' id='line_1_27' title="bbox 110 3171 1263 3257; baseline 0.002 -22"><span class='ocrx_word' id='word_1_253' title='bbox 110 3178 259 3255; x_wconf 87' lang='lat' dir='ltr'><strong>temporis</strong></span> <span class='ocrx_word' id='word_1_254' title='bbox 282 3178 409 3257; x_wconf 86' lang='lat' dir='ltr'><strong>spatium</strong></span> <span class='ocrx_word' id='word_1_255' title='bbox 433 3178 513 3239; x_wconf 82' lang='lat' dir='ltr'><strong>exitu</strong></span> <span class='ocrx_word' id='word_1_256' title='bbox 537 3194 684 3237; x_wconf 90' lang='lat' dir='ltr'><strong>annorum</strong></span> <span class='ocrx_word' id='word_1_257' title='bbox 706 3173 771 3236; x_wconf 81' lang='lat'><strong>429</strong></span> <span class='ocrx_word' id='word_1_258' title='bbox 795 3185 826 3236; x_wconf 92' lang='lat' dir='ltr'><strong>et</strong></span> <span class='ocrx_word' id='word_1_259' title='bbox 844 3171 919 3256; x_wconf 81' lang='lat'><strong>435,</strong></span> <span class='ocrx_word' id='word_1_260' title='bbox 942 3178 1085 3255; x_wconf 87' lang='lat' dir='ltr'><strong>scriptam</strong></span> <span class='ocrx_word' id='word_1_261' title='bbox 1109 3195 1174 3237; x_wconf 91' lang='lat' dir='ltr'><strong>esse</strong></span> <span class='ocrx_word' id='word_1_262' title='bbox 1199 3195 1263 3238; x_wconf 91' lang='lat' dir='ltr'><strong>eam</strong></span> 
     </span>
     <span class='ocr_line' id='line_1_28' title="bbox 111 3280 690 3345; baseline 0.003 -4"><span class='ocrx_word' id='word_1_263' title='bbox 111 3300 195 3342; x_wconf 90' lang='lat' dir='ltr'><strong>anno</strong></span> <span class='ocrx_word' id='word_1_264' title='bbox 217 3293 268 3345; x_wconf 90' lang='lat' dir='ltr'><strong>aut</strong></span> <span class='ocrx_word' id='word_1_265' title='bbox 290 3280 355 3344; x_wconf 79' lang='lat'><strong>429</strong></span> <span class='ocrx_word' id='word_1_266' title='bbox 379 3293 430 3344; x_wconf 90' lang='lat' dir='ltr'><strong>aut</strong></span> <span class='ocrx_word' id='word_1_267' title='bbox 452 3281 517 3345; x_wconf 84' lang='lat'><strong>431</strong></span> <span class='ocrx_word' id='word_1_268' title='bbox 542 3292 594 3344; x_wconf 90' lang='lat' dir='ltr'><strong>aut</strong></span> <span class='ocrx_word' id='word_1_269' title='bbox 616 3281 690 3344; x_wconf 86' lang='grc'><strong>434.</strong></span> 
     </span>
    </p>

    <p class='ocr_par' dir='ltr' id='par_1_3' title="bbox 60 3379 1263 4535">
     <span class='ocr_line' id='line_1_29' title="bbox 205 3379 1263 3471; baseline 0.001 -20.879"><span class='ocrx_word' id='word_1_270' title='bbox 205 3389 266 3450; x_wconf 89' lang='lat' dir='ltr'><strong>Iam</strong></span> <span class='ocrx_word' id='word_1_271' title='bbox 279 3408 383 3452; x_wconf 89' lang='lat' dir='ltr'><strong>omnes</strong></span> <span class='ocrx_word' id='word_1_272' title='bbox 397 3392 636 3452; x_wconf 86' lang='lat' dir='ltr'><strong>enumeravimus</strong></span> <span class='ocrx_word' id='word_1_273' title='bbox 651 3393 822 3471; x_wconf 90' lang='lat' dir='ltr'><strong>scriptores,</strong></span> <span class='ocrx_word' id='word_1_274' title='bbox 837 3392 889 3469; x_wconf 83' lang='lat' dir='ltr'><strong>qui</strong></span> <span class='ocrx_word' id='word_1_275' title='bbox 904 3379 1009 3450; x_wconf 83' lang='lat' dir='ltr'><strong>Iuliani</strong></span> <span class='ocrx_word' id='word_1_276' title='bbox 1023 3391 1148 3450; x_wconf 86' lang='lat' dir='ltr'><strong>crimina</strong></span> <span class='ocrx_word' id='word_1_277' title='bbox 1163 3389 1263 3451; x_wconf 80' lang='lat' dir='ltr'><strong>deien-</strong></span> 
     </span>
     <span class='ocr_line' id='line_1_30' title="bbox 60 3494 1263 3578; baseline 0.002 -22"><span class='ocrx_word' id='word_1_278' title='bbox 60 3494 77 3512; x_wconf 66' lang='grc'><strong>“</strong></span> <span class='ocrx_word' id='word_1_279' title='bbox 111 3496 188 3556; x_wconf 90' lang='lat' dir='ltr'><strong>dere</strong></span> <span class='ocrx_word' id='word_1_280' title='bbox 207 3496 400 3578; x_wconf 86' lang='lat' dir='ltr'><strong>studuerunt,</strong></span> <span class='ocrx_word' id='word_1_281' title='bbox 419 3517 477 3577; x_wconf 85' lang='lat' dir='ltr'><strong>quo</strong></span> <span class='ocrx_word' id='word_1_282' title='bbox 497 3499 683 3577; x_wconf 82' lang='lat' dir='ltr'><strong>corrIgerent</strong></span> <span class='ocrx_word' id='word_1_283' title='bbox 701 3515 883 3576; x_wconf 88' lang='lat' dir='ltr'><strong>paganorum</strong></span> <span class='ocrx_word' id='word_1_284' title='bbox 902 3515 1029 3557; x_wconf 90' lang='lat' dir='ltr'><strong>errores.</strong></span> <span class='ocrx_word' id='word_1_285' title='bbox 1061 3496 1164 3576; x_wconf 86' lang='lat' dir='ltr'><strong>Neque</strong></span> <span class='ocrx_word' id='word_1_286' title='bbox 1184 3499 1263 3558; x_wconf 90' lang='lat' dir='ltr'><strong>enim</strong></span> 
     </span>
     <span class='ocr_line' id='line_1_31' title="bbox 111 3602 1263 3684; baseline 0 -21"><span class='ocrx_word' id='word_1_287' title='bbox 111 3605 273 3683; x_wconf 84' lang='lat' dir='ltr'><strong>quisquam</strong></span> <span class='ocrx_word' id='word_1_288' title='bbox 287 3614 356 3683; x_wconf 89' lang='lat' dir='ltr'><strong>post</strong></span> <span class='ocrx_word' id='word_1_289' title='bbox 369 3607 587 3666; x_wconf 85' lang='lat' dir='ltr'><strong>controversias</strong></span> <span class='ocrx_word' id='word_1_290' title='bbox 601 3603 791 3665; x_wconf 82' lang='lat' dir='ltr'><strong>NestorIana&#39;s</strong></span> <span class='ocrx_word' id='word_1_291' title='bbox 808 3603 923 3664; x_wconf 91' lang='lat' dir='ltr'><strong>studuit</strong></span> <span class='ocrx_word' id='word_1_292' title='bbox 941 3602 1024 3663; x_wconf 93' lang='lat' dir='ltr'><strong>libris</strong></span> <span class='ocrx_word' id='word_1_293' title='bbox 1039 3602 1187 3684; x_wconf 86' lang='lat' dir='ltr'><strong>Iulianeis,</strong></span> <span class='ocrx_word' id='word_1_294' title='bbox 1205 3605 1263 3664; x_wconf 93' lang='lat' dir='ltr'><strong>nisi</strong></span> 
     </span>
     <span class='ocr_line' id='line_1_32' title="bbox 111 3705 1263 3789; baseline 0.003 -22"><span class='ocrx_word' id='word_1_295' title='bbox 111 3716 185 3788; x_wconf 91' lang='lat' dir='ltr'><strong>post</strong></span> <span class='ocrx_word' id='word_1_296' title='bbox 206 3707 437 3789; x_wconf 86' lang='lat' dir='ltr'><strong>quadringentos</strong></span> <span class='ocrx_word' id='word_1_297' title='bbox 461 3727 554 3770; x_wconf 88' lang='lat' dir='ltr'><strong>annos</strong></span> <span class='ocrx_word' id='word_1_298' title='bbox 576 3705 737 3770; x_wconf 83' lang='lat' dir='ltr'><strong>Photius</strong></span> <span class='ocrx_word' id='word_1_299' title='bbox 760 3710 927 3789; x_wconf 86' lang='lat' dir='ltr'><strong>patriarcba</strong></span> <span class='ocrx_word' id='word_1_300' title='bbox 946 3705 1263 3789; x_wconf 73' lang='lat' dir='ltr'><strong>Constantinopo-</strong></span> 
     </span>
     <span class='ocr_line' id='line_1_33' title="bbox 111 3810 1262 3897; baseline 0 -22"><span class='ocrx_word' id='word_1_301' title='bbox 111 3810 277 3877; x_wconf 79' lang='lat' dir='ltr'><strong>lttnnus.</strong></span> <span class='ocrx_word' id='word_1_302' title='bbox 319 3816 411 3878; x_wconf 86' lang='lat' dir='ltr'><strong>Cuius</strong></span> <span class='ocrx_word' id='word_1_303' title='bbox 438 3824 572 3897; x_wconf 91' lang='lat' dir='ltr'><strong>tempore</strong></span> <span class='ocrx_word' id='word_1_304' title='bbox 597 3835 775 3897; x_wconf 85' lang='lat' dir='ltr'><strong>quamquam</strong></span> <span class='ocrx_word' id='word_1_305' title='bbox 803 3818 925 3878; x_wconf 83' lang='lat' dir='ltr'><strong>fuerunt</strong></span> <span class='ocrx_word' id='word_1_306' title='bbox 953 3820 1041 3878; x_wconf 93' lang='lat' dir='ltr'><strong>etiam</strong></span> <span class='ocrx_word' id='word_1_307' title='bbox 1069 3816 1204 3878; x_wconf 90' lang='lat' dir='ltr'><strong>homines</strong></span> <span class='ocrx_word' id='word_1_308' title='bbox 1231 3819 1262 3876; x_wconf 82' lang='lat' dir='ltr'><strong>In</strong></span> 
     </span>
     <span class='ocr_line' id='line_1_34' title="bbox 110 3921 1263 4002; baseline -0.002 -18"><span class='ocrx_word' id='word_1_309' title='bbox 110 3925 153 3984; x_wconf 89' lang='lat' dir='ltr'><strong>iis</strong></span> <span class='ocrx_word' id='word_1_310' title='bbox 175 3921 347 4002; x_wconf 85' lang='lat' dir='ltr'><strong>regionibus</strong></span> <span class='ocrx_word' id='word_1_311' title='bbox 371 3941 445 4002; x_wconf 89' lang='lat' dir='ltr'><strong>qnae</strong></span> <span class='ocrx_word' id='word_1_312' title='bbox 470 3922 617 4001; x_wconf 91' lang='lat' dir='ltr'><strong>quondam</strong></span> <span class='ocrx_word' id='word_1_313' title='bbox 648 3924 765 3983; x_wconf 86' lang='lat' dir='ltr'><strong>Inerant</strong></span> <span class='ocrx_word' id='word_1_314' title='bbox 787 3921 911 3983; x_wconf 89' lang='lat' dir='ltr'><strong>Romani</strong></span> <span class='ocrx_word' id='word_1_315' title='bbox 939 3925 1057 4002; x_wconf 91' lang='lat' dir='ltr'><strong>imperii</strong></span> <span class='ocrx_word' id='word_1_316' title='bbox 1084 3924 1263 4002; x_wconf 83' lang='lat' dir='ltr'><strong>provincIae,</strong></span> 
     </span>
     <span class='ocr_line' id='line_1_35' title="bbox 112 4029 1263 4109; baseline 0 -20"><span class='ocrx_word' id='word_1_317' title='bbox 112 4047 293 4109; x_wconf 84' lang='lat' dir='ltr'><strong>quamquam</strong></span> <span class='ocrx_word' id='word_1_318' title='bbox 317 4032 470 4090; x_wconf 88' lang='lat' dir='ltr'><strong>etiamtum</strong></span> <span class='ocrx_word' id='word_1_319' title='bbox 500 4030 581 4090; x_wconf 88' lang='lat' dir='ltr'><strong>Inere</strong></span> <span class='ocrx_word' id='word_1_320' title='bbox 606 4032 657 4109; x_wconf 85' lang='lat' dir='ltr'><strong>qni</strong></span> <span class='ocrx_word' id='word_1_321' title='bbox 682 4047 864 4109; x_wconf 88' lang='lat' dir='ltr'><strong>paganorum</strong></span> <span class='ocrx_word' id='word_1_322' title='bbox 893 4048 976 4089; x_wconf 87' lang='lat' dir='ltr'><strong>sacra</strong></span> <span class='ocrx_word' id='word_1_323' title='bbox 999 4029 1263 4108; x_wconf 88' lang='lat' dir='ltr'><strong>amplecterentur:</strong></span> 
     </span>
     <span class='ocr_line' id='line_1_36' title="bbox 112 4134 1263 4215; baseline -0.003 -19"><span class='ocrx_word' id='word_1_324' title='bbox 112 4135 371 4215; x_wconf 83' lang='lat' dir='ltr'><strong>ConstantInopoIi</strong></span> <span class='ocrx_word' id='word_1_325' title='bbox 393 4153 454 4196; x_wconf 90' lang='lat' dir='ltr'><strong>non</strong></span> <span class='ocrx_word' id='word_1_326' title='bbox 472 4135 706 4197; x_wconf 84' lang='lat' dir='ltr'><strong>Inveniebantur.</strong></span> <span class='ocrx_word' id='word_1_327' title='bbox 742 4134 867 4214; x_wconf 89' lang='lat' dir='ltr'><strong>Paganis</strong></span> <span class='ocrx_word' id='word_1_328' title='bbox 890 4138 980 4214; x_wconf 89' lang='lat' dir='ltr'><strong>igitur</strong></span> <span class='ocrx_word' id='word_1_329' title='bbox 999 4134 1205 4215; x_wconf 90' lang='lat' dir='ltr'><strong>persuadendi,</strong></span> <span class='ocrx_word' id='word_1_330' title='bbox 1230 4142 1263 4196; x_wconf 91' lang='lat' dir='ltr'><strong>ut</strong></span> 
     </span>
     <span class='ocr_line' id='line_1_37' title="bbox 112 4241 1261 4325; baseline -0.002 -21"><span class='ocrx_word' id='word_1_331' title='bbox 112 4244 293 4304; x_wconf 88' lang='lat' dir='ltr'><strong>seutentiam</strong></span> <span class='ocrx_word' id='word_1_332' title='bbox 316 4249 479 4325; x_wconf 85' lang='lat' dir='ltr'><strong>motarent,</strong></span> <span class='ocrx_word' id='word_1_333' title='bbox 506 4243 662 4303; x_wconf 80' lang='lat' dir='ltr'><strong>consiIInm</strong></span> <span class='ocrx_word' id='word_1_334' title='bbox 685 4241 795 4303; x_wconf 89' lang='lat' dir='ltr'><strong>habere</strong></span> <span class='ocrx_word' id='word_1_335' title='bbox 823 4260 883 4301; x_wconf 93' lang='lat' dir='ltr'><strong>non</strong></span> <span class='ocrx_word' id='word_1_336' title='bbox 906 4244 1004 4321; x_wconf 91' lang='lat' dir='ltr'><strong>potnit</strong></span> <span class='ocrx_word' id='word_1_337' title='bbox 1026 4241 1165 4322; x_wconf 90' lang='lat' dir='ltr'><strong>Pbotius,</strong></span> <span class='ocrx_word' id='word_1_338' title='bbox 1193 4260 1261 4302; x_wconf 92' lang='lat' dir='ltr'><strong>cum</strong></span> 
     </span>
     <span class='ocr_line' id='line_1_38' title="bbox 112 4347 1262 4431; baseline -0.003 -19"><span class='ocrx_word' id='word_1_339' title='bbox 112 4353 179 4431; x_wconf 89' lang='lat' dir='ltr'><strong>ipse</strong></span> <span class='ocrx_word' id='word_1_340' title='bbox 203 4368 321 4430; x_wconf 88' lang='lat' dir='ltr'><strong>quoque</strong></span> <span class='ocrx_word' id='word_1_341' title='bbox 343 4348 449 4410; x_wconf 86' lang='lat' dir='ltr'><strong>loliani</strong></span> <span class='ocrx_word' id='word_1_342' title='bbox 476 4348 568 4410; x_wconf 86' lang='lat' dir='ltr'><strong>libros</strong></span> <span class='ocrx_word' id='word_1_343' title='bbox 592 4348 794 4425; x_wconf 87' lang='lat' dir='ltr'><strong>redargueret.</strong></span> <span class='ocrx_word' id='word_1_344' title='bbox 832 4347 918 4418; x_wconf 83' lang='lat' dir='ltr'><strong>Quod</strong></span> <span class='ocrx_word' id='word_1_345' title='bbox 946 4356 980 4409; x_wconf 94' lang='lat' dir='ltr'><strong>ut</strong></span> <span class='ocrx_word' id='word_1_346' title='bbox 1007 4350 1118 4409; x_wconf 85' lang='lat' dir='ltr'><strong>Iaceret</strong></span> <span class='ocrx_word' id='word_1_347' title='bbox 1147 4349 1262 4409; x_wconf 89' lang='lat' dir='ltr'><strong>duabus</strong></span> 
     </span>
     <span class='ocr_line' id='line_1_39' title="bbox 113 4454 1260 4535; baseline 0.001 -19"><span class='ocrx_word' id='word_1_348' title='bbox 113 4458 213 4516; x_wconf 85' lang='lat' dir='ltr'><strong>causis</strong></span> <span class='ocrx_word' id='word_1_349' title='bbox 245 4463 362 4535; x_wconf 86' lang='lat' dir='ltr'><strong>poterat</strong></span> <span class='ocrx_word' id='word_1_350' title='bbox 388 4458 576 4518; x_wconf 88' lang='lat' dir='ltr'><strong>commoveri.</strong></span> <span class='ocrx_word' id='word_1_351' title='bbox 619 4454 777 4515; x_wconf 88' lang='lat' dir='ltr'><strong>Vocaverat</strong></span> <span class='ocrx_word' id='word_1_352' title='bbox 809 4457 889 4515; x_wconf 89' lang='lat' dir='ltr'><strong>enim</strong></span> <span class='ocrx_word' id='word_1_353' title='bbox 915 4454 1046 4516; x_wconf 91' lang='lat' dir='ltr'><strong>Iulianus</strong></span> <span class='ocrx_word' id='word_1_354' title='bbox 1078 4459 1110 4516; x_wconf 94' lang='lat' dir='ltr'><strong>in</strong></span> <span class='ocrx_word' id='word_1_355' title='bbox 1137 4475 1260 4517; x_wconf 87' lang='lat' dir='ltr'><strong>examen</strong></span> 
     </span>
    </p>
   </div>
   <div class='ocr_carea' id='block_1_3' title="bbox 0 0 1468 5040">
    <p class='ocr_par' dir='ltr' id='par_1_4' title="bbox 0 0 1468 5040">
     <span class='ocr_line' id='line_1_40' title="bbox 0 0 1468 5040; baseline 0 0"><span class='ocrx_word' id='word_1_356' title='bbox 0 0 1468 5040; x_wconf 95' lang='lat' dir='ltr'><strong> </strong></span> 
     </span>
    </p>
   </div>
  </div>
 </body>
</html>
