2926 5040
147 352 189 414 10
655 351 745 419 caput
763 352 782 404 l.

145 519 314 597 veniamur,
342 515 525 595 deprehendi
556 518 632 596 apud
662 515 857 596 Christianos,
890 517 1027 577 facillime
1061 518 1147 578 nobis
1175 538 1301 599 persua-

145 622 291 703 debimus,
314 625 339 683 si
362 625 455 702 ipsam
480 640 543 682 rem
563 623 803 702 spectaverimus
838 623 936 683 Novae
957 626 1035 683 enirn
1055 632 1155 687 sectae
1174 627 1300 688 asseclis

145 732 249 810 scripti
273 738 358 790 erant
380 728 423 790 illi
446 728 527 809 libri,
550 730 587 789 iis
611 731 663 808 qui
685 730 830 789 maiorum
849 728 1024 808 religionem
1048 733 1136 791 etiam
1160 740 1226 793 tum
1250 736 1300 813 pie

146 837 279 898 colerent
298 856 357 897 non
376 840 455 898 item.
493 836 571 907 Quid
591 838 670 896 enim
688 835 746 895 illis
766 854 840 914 opus
861 844 924 896 erat
943 835 1142 897 demonstrari
1161 839 1301 900 foedissi-

147 963 223 1005 mam
247 963 313 1005 esse
337 944 533 1005 Galilaeorum
562 945 818 1022 superstitionem,
846 961 920 1022 quae
951 944 1022 1021 quin
1052 962 1193 1021 perversa
1217 955 1302 1006 essct

146 1060 177 1113 ct
206 1052 292 1131 longe
321 1052 473 1112 abicienda
504 1069 664 1130 numquam
692 1046 918 1110 dubitaverant?
959 1050 996 1110 lt
1023 1052 1097 1130 ipsis
1121 1049 1301 1113 Christianis

146 1168 210 1219 erat
229 1158 415 1239 probandum
433 1159 519 1237 longe
534 1159 706 1218 interiorem
722 1175 773 1216 eos
787 1157 921 1236 profiteri
940 1156 1037 1238 fidem,
1056 1157 1301 1235 persuadendum
1324 1180 1327 1185 ⁴

145 1268 182 1326 iis
202 1274 274 1345 erat,
293 1274 327 1326 ut
345 1265 379 1353 ad
401 1267 543 1325 maiorum
564 1283 647 1324 sacra
667 1271 898 1324 reverterentur.
933 1263 1083 1342 imprimis
1101 1266 1194 1343 igitur
1214 1264 1300 1326 Chri-

146 1374 259 1444 stianos
281 1371 388 1450 legisse
413 1390 592 1452 paganorum
617 1371 731 1432 libellos
755 1390 840 1431 nemo
864 1373 922 1430 iam
946 1370 1110 1431 mirabitur.
1147 1371 1301 1435 Habemus

147 1489 246 1539 autem
273 1489 457 1558 compertum
486 1498 646 1557 numquam
675 1480 884 1557 tergiversatos
912 1495 978 1537 esse
1002 1476 1200 1557 Christianos,
1228 1496 1299 1538 cum

145 1585 180 1645 ad
201 1594 351 1646 certamen
371 1596 613 1665 provocarentur.
645 1586 745 1646 Altero
765 1587 843 1644 enim
862 1583 979 1644 saeculo
999 1583 1141 1663 apologiis
1156 1584 1300 1645 defende-

144 1692 216 1753 bant
234 1695 366 1773 crimina,
390 1712 465 1772 quae
485 1692 521 1752 ab
540 1692 677 1752 omnibus
701 1695 731 1751 in
751 1710 802 1751 eos
825 1691 1066 1751 intendebantur.
1105 1691 1187 1762 Quae
1206 1710 1300 1771 pecu-

145 1799 268 1861 liaribus
290 1800 374 1861 libris
404 1803 440 1861 iis
464 1799 682 1880 exprobrabant
710 1798 878 1878 philosophi
908 1797 1083 1878 propulsare
1107 1797 1302 1880 studuerunt,

146 1925 221 1984 quae
245 1909 446 1986 gravissimam
475 1906 593 1966 illorum
617 1906 769 1967 subierant
792 1907 1041 1984 vituperationem
1071 1922 1185 1965 summa
1209 1905 1299 1967 laude

145 2012 232 2092 digna
252 2032 317 2074 esse
332 2022 366 2075 ut
385 2015 576 2074 ostenderent
591 2022 670 2073 vasta
685 2015 930 2092 conscripserunt
948 2011 1105 2072 volumina.
1138 2012 1172 2072 ln
1187 2011 1301 2092 quibus

146 2139 213 2181 cum
229 2118 440 2180 adscribendae
456 2128 556 2180 essent
575 2138 626 2179 eae
644 2138 717 2198 quas
736 2120 867 2179 refutare
881 2118 1040 2179 voluerunt
1059 2118 1301 2180 adversariorum

145 2229 318 2308 sententiae,
341 2229 378 2288 iis
397 2229 470 2307 ipsis
494 2226 723 2287 refutationibus
743 2235 932 2286 conservatae
957 2236 1026 2288 sunt
1049 2226 1213 2306 permultae
1233 2227 1300 2287 illo·

145 2353 211 2394 rum
235 2335 379 2395 librorum
408 2334 559 2413 reliquiae.
597 2334 706 2394 Verum
731 2336 881 2394 enimvero
905 2336 993 2395 etiarn
1021 2333 1088 2394 illae
1111 2333 1300 2395 Christianae

144 2441 295 2520 religionis
319 2442 507 2501 detensiones
530 2441 688 2520 pleraeque
713 2444 881 2523 perierunt3
906 2460 971 2502 nam
997 2442 1128 2503 comita
1153 2439 1298 2500 corrobo-

145 2550 202 2608 rati
227 2558 311 2607 erant
335 2547 508 2628 Christiani,
536 2556 570 2608 ut
597 2566 725 2626 paganos
754 2567 812 2608 non
836 2552 990 2629 timerent,
1019 2548 1204 2627 quinetiam
1228 2567 1301 2609 cum

145 2657 248 2734 pagani
283 2657 402 2714 omnino
431 2673 490 2714 non
524 2654 691 2736 exstabant,
725 2657 810 2716 errius
841 2664 904 2716 tum
933 2658 1077 2715 intererat
1105 2671 1301 2736 cognoscere,

146 2761 253 2840 quibus
273 2781 309 2821 ex
334 2764 430 2822 causis
451 2761 487 2821 de
507 2763 651 2840 principio
672 2762 713 2822 illi
733 2770 921 2823 recusassent
941 2761 1138 2822 Christianam
1158 2760 1302 2840 amplecti

146 2865 341 2948 religionem?

234 2975 312 3055 Ergo
332 2995 411 3037 nunc
426 2976 570 3056 agendum
592 2977 677 3036 nobis
697 2977 733 3036 de
753 2975 898 3055 theologis
913 2975 1096 3058 Christianis
1116 2977 1167 3054 qui
1185 2977 1301 3039 reluta-

147 3091 254 3144 verunt
273 3082 365 3143 libros
379 3083 484 3143 luliani
503 3086 698 3163 imperatoris.
732 3083 864 3154 viorum
884 3085 1049 3162 principem
1069 3101 1134 3143 esse
1149 3078 1302 3161 Apolli-

145 3203 269 3251 narem
287 3184 535 3251 Laodioenum
550 3190 702 3251 contendit
716 3189 869 3249 Fabricius
884 3183 966 3258 (bibl.
983 3189 1084 3249 Graec.
1101 3181 1152 3248 Vp
1166 3209 1194 3269 p.
1207 3185 1302 3274 739),

149 3316 236 3376 quem
257 3304 377 3356 secutus
397 3303 443 3355 est
461 3295 624 3355 'leuilelins
644 3289 774 3377 (Pauly's
793 3294 1091 3374 Realencyclopaedie
1106 3296 1143 3355 IV
1162 3316 1189 3375 p.
1204 3292 1300 3381 416).

146 3404 234 3464 'leste
259 3411 357 3463 autem
382 3410 507 3463 utuntur
533 3402 709 3481 Sozomeno,
734 3405 785 3480 qui
807 3402 876 3463 hist.
900 3402 971 3462 eccl.
996 3400 1018 3459 V
1045 3400 1099 3484 18,
1127 3403 1153 3462 ll
1176 3423 1204 3482 p.
1229 3400 1300 3465 502

147 3510 191 3570 ed.
211 3501 342 3591 Hussey)
362 3509 398 3569 de
418 3509 584 3588 Apollinare
605 3506 662 3569 οὐκ
682 3504 818 3585 ἀγεννὴς
840 3508 883 3585 δὲ,
903 3512 1008 3592 inquit,
1027 3507 1077 3570 καὶ
1096 3508 1176 3586 πρὸ(
1196 3506 1300 3573 αὐτὸν

147 3616 204 3678 τὸν
240 3615 368 3693 βατιλέα
395 3614 466 3692 ἤτοι
493 3616 569 3678 τοὺ(
598 3613 678 3692 παρ’
700 3614 826 3692 Ἕλλητι
855 3613 1055 3693 φιλοτόφου(
1083 3615 1166 3679 {triv
1196 3614 1300 3679 αὐτοῦ

147 3721 256 3798 λόγος,
281 3721 320 3783 ὃν
344 3720 423 3797 ὑπὲρ
448 3718 596 3798 ἀληθεία(
625 3721 825 3799 ἐπέγραψεν·
853 3720 888 3783 ἐν
918 3719 944 3801 ᾧ
974 3722 1024 3782 καὶ
1052 3721 1126 3798 δίχα
1149 3726 1204 3800 τῆ(
1228 3725 1299 3786 τῶν

144 3827 241 3906 ἱερῶν
265 3825 373 3902 λόγων
404 3828 573 3906 μαρτυρία(
601 3826 721 3892 ἔδειξεν
752 3826 868 3890 αὐτοὺ(
892 3825 1214 3905 ἀποβουκοληθέντατ
1237 3835 1299 3894 τοῦ

146 3935 278 3997 δέοντο(
301 3935 374 4012 περὶ
398 3939 473 3999 θεοῦ
498 3939 641 4013 φρονεῖν.
682 3934 759 3998 τάδε
788 3934 848 4012 γὰρ
872 3933 1079 3999 ἐπιτωθάζων
1104 3932 1122 3997 ὁ
1152 3937 1299 4013 βοειλεὺ(

146 4045 214 4104 τοῖο
236 4040 310 4104 τότε
334 4042 561 4120 διοπρέποιιτιν
580 4040 762 4106 ἐπιτκόποι(
781 4042 976 4115 έπέετειλέν·
1000 4041 1156 4121 ἀνέγνων,
1181 4041 1298 4122 ἔγνων,

146 4144 319 4225 κατέγνων.
356 4150 432 4212 τοὺ(
456 4150 490 4213 δὲ
513 4149 594 4228 πρὸ(
617 4153 717 4213 ταῦτα
736 4147 941 4228 ἀντιγράψαι·
966 4146 1119 4227 ἀνέγνως,
1143 4146 1214 4212 ἀλλ’
1238 4150 1300 4213 οὐκ

146 4255 262 4332 ἔγνωτ’
290 4255 318 4318 εἰ
345 4256 405 4333 γὰρ
435 4253 550 4334 ἔγνωτ,
580 4255 639 4318 οὐκ
662 4254 702 4318 ἂν
725 4257 895 4331 κατέγνως.
934 4257 1009 4318 Sunt
1037 4257 1110 4317 baec
1139 4257 1299 4320 Sozomeni

147 4363 249 4443 verba;
278 4365 328 4424 sed
362 4365 510 4443 quomodo
542 4384 578 4425 ex
611 4366 648 4424 iis
681 4365 758 4425 ellici
788 4373 887 4444 potest
914 4366 1069 4444 scripsisse
1097 4363 1300 4443 Apollinarem

145 4470 256 4534 librum
280 4489 367 4532 snum
391 4473 441 4550 qui
464 4489 518 4551 pro
543 4472 666 4532 veritate
689 4473 852 4551 inscriptus
871 4479 944 4554 erat,
967 4480 1001 4532 ut
1024 4471 1169 4532 refutaret
1191 4469 1298 4533 luliani
