2926 5040
213 353 279 418 100
711 356 803 425 Caput
819 356 854 410 ll.

212 517 249 580 ἐν
267 521 335 581 τοῑ(
354 517 502 599 Εὐεεβίου
520 522 579 582 τοῦ
597 518 811 583 Παλαιετίνου
830 519 1072 598 Ξυγγράμμαειν,
1096 519 1310 597 εὐαγγελικὴν
1329 519 1367 582 δὲ

214 627 480 703 προπαραεκευὴν
503 625 598 690 τόνδε
617 626 675 690 τὸν
694 626 799 690 πόνον
822 627 945 691 ἐκεῖνος
964 625 1139 706 ὠνόμαεεν.
1172 628 1214 688 lle
1238 630 1370 708 integris

213 740 311 792 autem
340 734 481 812 operibus
504 738 592 795 etiam
620 735 813 796 inferioribus
843 734 1027 814 temporibus
1050 754 1152 796 vocem
1176 733 1369 810 εύγγραμμα

214 841 386 917 saepissime
414 840 573 901 adhibitam
598 861 664 902 esse
694 860 781 902 nemo
809 845 913 903 nescit.
951 841 993 901 Ea
1021 844 1066 901 vis
1094 844 1120 902 si
1148 843 1237 902 etiam
1260 841 1369 936 Iuliani
1394 865 1398 869 ·

214 953 347 1024 tempore
371 947 432 1006 sola
456 948 576 1028 fuisset,
598 967 687 1027 grave
710 959 790 1009 esset
813 951 878 1009 eius
905 951 1109 1009 testimonium
1132 969 1160 1028 p.
1180 945 1280 1009 toln
1307 948 1370 1007 edi·

215 1060 292 1131 tum,
320 1054 399 1131 quod
423 1073 503 1114 nunc
526 1054 599 1114 nihil
627 1054 703 1114 valet
730 1055 766 1114 ad
789 1057 994 1134 quaestionem
1017 1045 1245 1114 diiudicandam.
1286 1053 1370 1134 Ergo

215 1175 252 1217 ne
276 1157 332 1217 hoc
352 1160 471 1237 quidem
496 1160 560 1220 loco
584 1160 639 1219 niti
662 1168 761 1238 potest
779 1161 937 1220 artificiosa
956 1160 1093 1220 Teuffelii
1111 1162 1296 1241 coniectura,
1319 1164 1373 1222 cui

215 1265 300 1324 aliam
325 1284 388 1325 rem
412 1266 623 1345 impedimento
647 1255 714 1327 esse
733 1265 895 1326 ostendam.
932 1266 1041 1326 Totum
1065 1269 1144 1326 enim
1163 1266 1269 1328 Iuliani
1293 1287 1375 1348 opus

215 1371 355 1450 Cyrillum
377 1373 505 1433 refutare
522 1373 650 1434 voluisse
665 1372 828 1433 Teuffelius
847 1391 903 1432 nec
923 1374 1041 1450 negavit
1059 1391 1115 1432 nec
1135 1391 1243 1452 negare
1262 1377 1377 1453 potuit.

214 1478 317 1557 Neque
336 1480 440 1540 decem
458 1479 542 1539 libris
560 1482 612 1557 qui
631 1488 794 1558 supersunt
812 1478 890 1539 aliud
909 1480 1068 1557 quicquam
1086 1480 1280 1558 impugnasse
1300 1491 1373 1542 eu'm

217 1587 273 1644 nisi
296 1589 425 1663 primum
444 1586 548 1647 Iuliani
571 1586 680 1647 librum
704 1588 780 1647 infra
800 1585 974 1646 videbimus.
1011 1583 1090 1662 Ergo
1109 1593 1161 1645 aut
1179 1590 1375 1667 septuaginta

215 1689 307 1750 libros
336 1702 437 1753 contra
467 1693 611 1757 lulianum
640 1695 796 1772 scripsisse
830 1691 957 1771 Cyrillus
990 1698 1069 1750 esset
1106 1690 1285 1753 statuendus
1318 1703 1376 1755 aut

217 1796 300 1857 libris
318 1799 476 1860 undecImo
496 1818 560 1879 sqq.
583 1802 612 1860 ei
630 1799 767 1860 brevitati
791 1799 951 1878 studuisse,
974 1815 1062 1876 quam
1085 1814 1183 1874 neque
1207 1800 1238 1858 in
1262 1799 1374 1860 decem

215 1903 365 1982 prioribus
388 1905 472 1966 libris
496 1926 593 1986 neque
616 1926 741 1986 usquam
766 1906 834 1967 alibi
858 1903 1047 1983 sequebatur.
1089 1902 1147 1963 Sed
1167 1904 1375 1987 discrepantia

215 2010 265 2070 illa
288 2030 363 2090 quae
387 2023 433 2074 est
455 2016 533 2074 inter
556 2013 769 2093 Hieronymum
793 2025 823 2074 et
841 2012 981 2092 Gyrillum
1006 2010 1215 2088 aliquomodo
1239 2021 1288 2073 est
1310 2015 1374 2074 sol·

216 2117 318 2178 venda.
361 2119 443 2190 Quae
466 2139 504 2180 ne
532 2121 645 2181 librarii
668 2121 789 2201 quidem
816 2137 919 2181 errore
943 2126 1008 2178 orta
1037 2135 1103 2176 esse
1125 2125 1233 2196 potest
1273 2119 1375 2190 Quem

218 2233 348 2285 statuere
373 2245 433 2287 non
451 2227 628 2308 dubitarem,
651 2229 676 2287 si
696 2229 727 2287 in
752 2226 813 2287 sola
833 2225 958 2305 epistula
976 2222 1063 2284 Lxx,
1086 2222 1123 2283 ad
1142 2222 1283 2304 Magnum
1302 2227 1376 2288 data

219 2324 247 2411 (l
266 2350 294 2410 p.
309 2329 373 2393 427
390 2311 488 2415 Vall.²)
508 2343 622 2414 septem
640 2333 746 2394 luliani
764 2333 909 2393 librorum
929 2332 1110 2391 mentionem
1130 2331 1251 2393 lecisset
1265 2331 1376 2395 Hiero-

216 2454 330 2515 nymus.
369 2439 427 2499 Sed
452 2443 541 2501 etiam
566 2441 622 2500 alio
646 2440 724 2522 loco,
748 2458 837 2519 quem
856 2438 1052 2517 neglexerunt
1074 2454 1171 2515 usque
1195 2438 1293 2500 adhuc
1314 2443 1376 2501 viri

216 2542 309 2624 docti,
333 2549 452 2626 septimi
479 2546 548 2607 libri
571 2547 694 2611 lulianei
718 2548 860 2607 meminit.
897 2545 977 2605 llaec
1006 2546 1084 2603 enim
1112 2545 1310 2606 inveniuntur
1339 2550 1372 2607 in

217 2651 310 2727 ipsius
334 2655 618 2740 commentariorum
644 2656 675 2713 iu
694 2652 771 2713 Osee
795 2651 880 2712 llll.
904 2671 929 2712 c.
948 2650 997 2710 XI.
1017 2646 1069 2730 (Vl
1088 2669 1116 2729 p.
1139 2648 1201 2712 123
1215 2651 1238 2712 C
1253 2647 1377 2736 Vall.²):

217 2751 315 2816 ‘Hunc
338 2757 437 2817 locum
461 2752 552 2840 (Osee
572 2758 612 2818 Xl
629 2754 661 2838 1)
683 2762 715 2819 in
738 2762 864 2839 septimo
887 2757 1036 2818 volumine
1060 2755 1192 2818 lulianus
1214 2759 1374 2837 Augustus

217 2862 296 2940 qnod
320 2863 475 2926 adversum
499 2885 563 2946 noS,
587 2866 690 2947 idest,
714 2865 897 2927 Christianos
921 2866 1060 2944 evomuit,
1083 2861 1294 2926 calumniatur'
1315 2876 1374 2930 etc.

217 2968 332 3039 Quibus
355 2971 453 3032 verbis
477 2980 610 3033 vetamur
633 2973 737 3053 procul
760 2971 850 3034 dubio
873 2975 904 3032 in
928 2971 1054 3052 epistula
1077 2970 1113 3030 ad
1136 2970 1275 3051 Magnum
1302 2973 1372 3036 data

217 3079 333 3155 signum
362 3077 413 3137 Vll
442 3087 556 3141 mutare
585 3083 615 3140 in
643 3079 691 3141 lll.
739 3080 842 3159 Neque
872 3090 972 3141 tamen
1004 3078 1222 3157 desperandum
1251 3088 1300 3140 est
1334 3081 1372 3140 de

218 3182 345 3243 tollenda
369 3185 550 3247 difficultate.
588 3185 667 3246 Infra
687 3189 766 3246 enim
785 3186 977 3247 ostendemus
1000 3203 1016 3244 a
1036 3183 1159 3244 Socrate
1178 3185 1207 3245 h.
1222 3204 1248 3246 e.
1267 3184 1372 3248 11123

216 3271 315 3350 afferri
340 3293 483 3370 quaedam
506 3303 654 3372 nmquam
679 3312 714 3353 ex
739 3296 829 3354 tertio
852 3293 957 3353 loliani
979 3289 1056 3351 libro
1079 3291 1268 3374 deprompta,
1294 3312 1374 3372 quae

219 3399 290 3475 quin
314 3401 344 3458 in
368 3402 464 3478 primo
488 3402 658 3461 exstiterint
676 3399 800 3460 dubium
823 3418 882 3459 non
907 3407 967 3479 est,
991 3401 1021 3458 iu
1041 3415 1175 3458 errorem
1198 3406 1303 3460 autem
1319 3399 1374 3460 So·

220 3513 331 3564 cratem
357 3524 392 3565 eo
416 3506 575 3568 adductum
601 3525 676 3586 esse,
700 3505 778 3585 quod
802 3525 862 3566 non
880 3509 962 3585 ipsos
985 3504 1089 3565 luliani
1111 3503 1205 3578 libros
1227 3505 1378 3588 adhibuit,

217 3609 269 3670 sed
293 3610 394 3689 Cyrilli
421 3613 644 3692 refutationem,
672 3614 702 3671 in
731 3614 816 3672 cuius
844 3613 933 3672 tertio
961 3610 1037 3671 libro
1065 3610 1235 3671 refutantur
1263 3611 1375 3675 Iuliani

218 3718 307 3776 verba
330 3736 346 3776 a
366 3717 487 3779 Socrate
512 3696 605 3779 allata.
644 3718 755 3779 Eodem
780 3719 867 3779 modo
887 3719 1099 3796 Hieronymum
1119 3698 1236 3779 errasse
1261 3728 1376 3784 statuo.

219 3822 321 3902 Neque
344 3827 424 3884 enim
447 3827 545 3904 ipsum
569 3825 674 3885 luliani
697 3843 772 3904 opus
796 3825 913 3886 videtur
936 3825 1116 3904 inspexisse,
1139 3823 1191 3884 sed
1215 3826 1376 3888 refutatio·

218 3947 286 3989 nem
312 3929 458 4008 quandam
482 3939 597 4010 septem
620 3931 704 3992 libris
727 3931 900 4013 absolutam,
923 3940 974 3991 aut
997 3928 1376 4010 Theodori-Mopsuesteui

218 4046 269 4096 aut
288 4036 415 4116 Philippi
437 4036 563 4097 Sidetae.
597 4036 729 4117 Septimo
748 4039 840 4116 igitur
858 4037 963 4098 Iuliani
982 4035 1058 4096 libro
1083 4055 1117 4096 ea
1141 4035 1247 4098 tribuit
1272 4039 1377 4121 verba,

218 4160 344 4220 quorum
368 4144 398 4203 in
423 4145 548 4222 septimo
573 4143 761 4203 refutationis
787 4143 920 4205 exstabat
943 4146 1129 4223 vituperatio.
1166 4143 1230 4205 Etsi
1254 4155 1377 4227 septem

217 4247 300 4308 libris
325 4250 493 4309 confectum
517 4257 580 4308 erat
608 4267 684 4328 opus
713 4249 791 4327 quod
820 4253 982 4330 scripserat
1004 4249 1188 4323 Christianae
1216 4252 1378 4333 religionis

217 4355 370 4438 defensor,
394 4355 517 4416 totidem
540 4357 694 4417 inimicum
718 4360 938 4438 consumpsisse
963 4355 1149 4436 opinabatur.

255 4448 258 4455 ’
306 4462 365 4522 lam
384 4463 419 4522 ad
442 4463 564 4523 alteram
584 4466 788 4541 quaestionem
808 4463 990 4526 tractandam
1008 4463 1195 4547 accedamus,
1217 4469 1376 4544 quomodo
