2926 5040
145 332 210 396 144
636 329 728 400 Caput
745 327 793 386 Ill.

144 501 179 561 de
214 498 515 580 Saint·Cyrille,
544 506 638 578 patr.
671 496 965 577 d’tlexandrie,
999 504 1141 555 contra
1169 489 1285 553 lulia-

144 626 227 667 num
251 602 313 687 gn'
994 650 1009 675 .

235 707 290 794 11)
310 712 340 774 Ψ
353 720 400 774 est
418 707 535 774 codex
549 706 823 781 Seorialensis,
843 710 880 771 de
895 728 954 789 quo
973 708 1046 769 haec
1059 707 1165 788 Miller,
1185 705 1289 767 catale-

146 838 202 898 gue
231 820 284 880 des
312 838 381 880 mss.
409 838 495 898 grece
524 819 561 878 de
589 818 615 878 la
643 817 712 878 bibl.
740 818 775 878 de
803 815 958 877 l’Escurial
989 836 1019 896 p.
1041 812 1122 877 436:
1159 809 1226 874 “Ψ.
1252 845 1288 856 -

146 925 194 987 Ill.
217 959 261 968 -
287 923 336 1011 12.
359 922 434 987 463.
467 925 501 985 ln
523 920 567 985 4⁰.
590 925 627 985 de
650 922 716 985 223
739 924 879 1004 feuillets,
903 942 941 984 en
963 924 1067 1003 papier
1090 922 1127 982 de
1151 930 1241 982 coton
1263 929 1291 980 et

145 1033 184 1093 du
213 1031 293 1092 ΧΙΙΙθ
323 1033 421 1093 siecle.
467 1031 567 1092 Traitd
596 1031 632 1091 de
662 1032 740 1091 saint
767 1030 874 1110 Cyrille
903 1036 1007 1090 contre
1030 1028 1143 1109 Julian,
1177 1045 1214 1088 en
1243 1027 1290 1087 dix

143 1135 266 1200 livres.'’
305 1138 428 1199 Saeculo
447 1137 520 1198 XIV.
539 1137 671 1199 codicem
690 1136 797 1198 tribuit
815 1137 963 1198 Gustavus
981 1134 1098 1217 Loewe,
1121 1153 1200 1195 saec.
1219 1132 1289 1193 XIV.

146 1246 247 1307 —XV.
271 1245 393 1307 Carolus
417 1245 525 1306 Graux.

237 1347 292 1432 12)
308 1348 334 1412 Ω
350 1361 395 1412 est
409 1346 512 1412 alter
526 1345 643 1413 codex
657 1345 923 1421 semiclausis,
939 1350 975 1410 de
990 1368 1049 1429 quo
1064 1348 1160 1411 Miller
1174 1369 1203 1429 p.
1215 1345 1289 1409 478:

146 1454 211 1520 “Ω.
238 1492 276 1502 -
301 1457 350 1519 lll.
375 1491 417 1501 -
441 1454 470 1519 5.
494 1455 569 1520 534.
606 1457 639 1518 ln
666 1457 714 1518 fol.
738 1478 776 1520 en
798 1460 902 1539 papier
925 1467 955 1518 et
978 1458 1018 1518 du
1041 1455 1104 1515 XV⁰
1128 1455 1227 1517 siecle.
1253 1449 1288 1515 1⁰.

145 1562 418 1641 Προεφωνητικὸ(
455 1561 527 1639 περὶ
563 1566 619 1640 τῆ(
655 1560 752 1642 ὀρθὴ(
788 1562 940 1640 nicaenae,
976 1581 1031 1643 par
1066 1562 1151 1625 Saint
1188 1561 1288 1642 cyrille

146 1671 359 1733 d'rllexandrie.
400 1664 436 1732 2⁰
458 1670 558 1731 Traite'
585 1672 622 1732 de
647 1671 732 1733 Saint
755 1671 862 1752 Cyrille
886 1668 1090 1732 d’Alexandrie
1113 1678 1219 1731 contre
1242 1669 1288 1731 Ju-

146 1780 215 1860 lien,
234 1798 271 1839 en
290 1777 339 1837 dix
358 1773 481 1837 livres.''
508 1777 780 1854 Προεφωνητικὸ(
799 1786 845 1839 est
863 1776 1007 1838 librorum
1027 1774 1131 1838 contra
1148 1776 1290 1839 lulianum

146 1888 340 1966 prooemium.
380 1883 474 1954 Quem
498 1885 631 1946 codicem
650 1905 665 1945 a
684 1884 798 1946 Millero
823 1883 940 1947 saeculo
960 1883 1017 1944 XV.
1042 1893 1124 1945 recte
1148 1883 1290 1945 tributum

147 2012 213 2055 esse
238 2000 362 2054 censent
385 1990 521 2052 Loeuius
545 2001 575 2052 et
598 1992 753 2054 Grauxius.
800 1993 917 2054 Codicis
941 2001 1040 2054 autem
1063 1990 1132 2051 folia
1161 1991 1292 2053 numeris

149 2118 209 2160 non
237 2101 351 2178 signata
378 2108 466 2178 atque
494 2099 625 2178 singulas
652 2102 773 2180 paginas
801 2100 879 2161 binis
902 2099 1047 2160 columnis
1071 2107 1207 2158 exaratas
1230 2115 1292 2159 esse

149 2208 227 2267 idem
251 2204 387 2266 Loeuius
416 2204 488 2265 mihi
516 2208 643 2285 scripsit.
685 2206 743 2277 Qui
771 2224 837 2267 cum
868 2225 946 2267 anno
972 2203 1056 2267 1878
1084 2207 1116 2265 in
1139 2205 1294 2285 Hispanias

146 2313 388 2393 proficisceretur
410 2331 426 2372 a
449 2330 497 2372 me
522 2322 642 2391 rogatus
661 2322 720 2394 est,
748 2323 780 2375 ut
799 2314 961 2393 fragmenta
981 2311 1110 2373 lulianea
1129 2330 1207 2391 quae
1227 2320 1294 2373 sunt

149 2422 180 2478 in
191 2418 291 2498 Cyrifli
304 2419 434 2480 editione
444 2418 590 2498 Migniana
605 2439 673 2480 cum
688 2419 840 2480 codicibus
856 2418 1091 2481 Scorialensibus
1106 2412 1297 2501 conferretl).

150 2526 246 2604 Atque
268 2524 409 2604 precibus
427 2527 502 2585 meis
525 2525 662 2605 praebuit
682 2545 793 2607 aurem,
815 2546 913 2606 neque
932 2535 1030 2587 tamen
1054 2534 1174 2607 tempus
1197 2528 1295 2588 itineri

149 2631 338 2710 Hispaniensi
361 2650 535 2692 concessum
559 2640 593 2694 ut
615 2635 714 2694 omnia
739 2634 903 2712 fragmenta
927 2633 1078 2693 conferret
1101 2634 1129 2693 ei
1151 2634 1295 2712 permisit.

151 2737 254 2816 Neque
277 2739 368 2815 igitur
392 2740 486 2799 varias
511 2740 675 2819 scripturas
704 2739 853 2802 adnotavit
876 2741 934 2801 nisi
963 2739 1031 2800 fibri
1054 2738 1178 2801 alterius
1202 2759 1295 2820 usque

151 2843 186 2903 ad
210 2863 237 2922 p.
257 2838 334 2903 581)
357 2843 431 2912 dub.
466 2844 574 2906 Postea
596 2854 695 2907 autem
718 2846 753 2906 ad
778 2845 906 2907 Felicem
930 2842 1077 2907 Ro'anski
1100 2846 1295 2909 bibliothecae

152 2948 345 3010 Scorialensis
363 2952 547 3030 praefectum
566 2952 681 3013 litteras
700 2952 790 3031 dedit,
809 2961 843 3013 ut
856 2953 893 3013 de
909 2955 998 3014 unius
1016 2952 1074 3013 loci
1093 2972 1128 3013 ex
1143 2957 1296 3033 prooemio

150 3059 318 3139 deprompti
337 3059 484 3137 scriptura
499 3061 657 3119 certiorem
674 3077 720 3119 me
740 3060 851 3120 faceret
870 3069 908 3141 et,
928 3061 954 3120 si
969 3060 1089 3139 quidem
1107 3061 1175 3122 fieri
1189 3038 1297 3143 posset,

150 3165 265 3243 reliqua
283 3166 447 3243 fragmenta
466 3168 496 3227 in
519 3184 608 3226 usum
627 3184 725 3226 meum
746 3167 876 3226 conferri
895 3173 1023 3227 curaret.
1054 3166 1152 3245 Atque
1173 3167 1297 3229 alterum

151 3270 224 3331 mibi
247 3273 380 3353 contigit,
403 3271 529 3332 alterum
548 3291 607 3332 non
631 3275 711 3355 item,
735 3282 768 3334 ut
787 3273 1021 3351 fragmentorum
1044 3275 1211 3353 scripturas
1230 3274 1297 3335 Sco·

151 3378 295 3439 rialeuses
318 3398 377 3439 non
402 3397 577 3457 cognossem
600 3381 659 3440 nisi
681 3398 698 3439 a
720 3377 839 3439 Loeuio
864 3381 988 3458 margini
1012 3378 1186 3461 adscriptas.

239 3484 299 3546 lam
322 3504 393 3546 vero
416 3485 617 3564 quaerendum
642 3485 737 3568 nobis,
761 3488 813 3565 qui
831 3486 949 3547 codices
972 3486 1009 3546 de
1032 3485 1142 3565 quibus
1166 3489 1228 3548 sint
1250 3487 1296 3548 de·

152 3595 264 3672 scripti.

241 3698 283 3760 Ae
291 3698 435 3761 Venatum
444 3700 563 3778 quidem
577 3697 639 3760 124
650 3718 725 3762 saec.
733 3699 791 3761 XV.
800 3700 989 3780 apographon
998 3719 1063 3761 esse
1074 3700 1187 3763 codicis
1195 3701 1297 3763 Veneti

156 3805 218 3869 123
242 3825 318 3869 saec.
337 3804 413 3866 Xlll.
433 3799 497 3888 (Μ)
520 3825 575 3884 pro
595 3814 677 3867 certo
697 3807 846 3868 adfirmari
866 3806 943 3868 licet.
981 3807 1034 3867 Est
1052 3809 1133 3869 enim
1152 3809 1247 3870 codex
1265 3807 1292 3871 M

153 3917 237 3975 initio
261 3912 398 3992 mutiliu,
422 3931 490 3973 cum
513 3912 629 3973 litterae
653 3913 732 3973 bared
755 3931 865 3992 paucae
894 3923 945 3974 aut
968 3912 1150 3976 madefactae
1174 3934 1292 3978 evanue·

152 4023 213 4081 rint
236 4030 287 4082 aut
313 4021 344 4080 in
369 4028 500 4080 extrema
522 4022 655 4098 margine
681 4022 795 4100 positae
818 4019 919 4081 charta
948 4020 1077 4081 abscissa
1105 4021 1292 4103 deperierint

152 4181 308 4188 m———m
311 4181 365 4187 ---

226 4268 252 4334 1)
271 4265 331 4319 Iam
349 4281 422 4319 enno
443 4271 509 4320 1877
529 4263 663 4319 Lndolfns
682 4263 781 4334 Kiehl,
800 4264 990 4320 bibliothecae
1007 4264 1156 4321 Paullinae
1174 4265 1294 4336 Lipsien-

153 4355 191 4410 sis
210 4354 375 4423 praefectus,
394 4354 524 4423 precibus
543 4353 614 4408 meis
632 4352 896 4409 benevolentissime
915 4354 1029 4424 cedens,
1052 4356 1085 4408 nt
1103 4355 1217 4411 codices
1235 4355 1296 4411 Sco·

153 4445 287 4498 rialenses
302 4442 424 4512 Lipsinm
440 4444 617 4498 mitterentur
631 4444 822 4509 contenderet,
839 4461 927 4510 neque
938 4444 1031 4497 lurrreir
1050 4445 1125 4498 milti
1140 4447 1297 4514 potuerunt.
