<?xml version="1.0" encoding="UTF-8"?>
<!DOCTYPE html PUBLIC "-//W3C//DTD XHTML 1.0 Transitional//EN"
    "http://www.w3.org/TR/xhtml1/DTD/xhtml1-transitional.dtd">
<html xmlns="http://www.w3.org/1999/xhtml" xml:lang="en" lang="en">
 <head>
  <title>
</title>
<meta http-equiv="Content-Type" content="text/html;charset=utf-8" />
  <meta name='ocr-system' content='tesseract 3.04.00' />
  <meta name='ocr-capabilities' content='ocr_page ocr_carea ocr_par ocr_line ocrx_word'/>
</head>
<body>
  <div class='ocr_page' id='page_1' title='image "./iulianiimperato00neumgoog_0017.png"; bbox 0 0 2926 5040; ppageno 0'>
   <div class='ocr_carea' id='block_1_1' title="bbox 207 283 848 408">
    <p class='ocr_par' dir='ltr' id='par_1_1' title="bbox 207 283 848 408">
     <span class='ocr_line' id='line_1_1' title="bbox 207 283 848 408; baseline -0.002 -12"><span class='ocrx_word' id='word_1_1' title='bbox 207 337 228 396; x_wconf 91' lang='grc'>4</span> <span class='ocrx_word' id='word_1_2' title='bbox 579 283 591 309; x_wconf 48' lang='lat'>⁸</span> <span class='ocrx_word' id='word_1_3' title='bbox 720 339 810 408; x_wconf 78' lang='lat' dir='ltr'><strong>caput</strong></span> <span class='ocrx_word' id='word_1_4' title='bbox 829 342 848 395; x_wconf 93' lang='lat' dir='ltr'><strong>l.</strong></span> 
     </span>
    </p>
   </div>
   <div class='ocr_carea' id='block_1_2' title="bbox 200 500 1353 2084">
    <p class='ocr_par' dir='ltr' id='par_1_2' title="bbox 200 500 1353 2084">
     <span class='ocr_line' id='line_1_2' title="bbox 205 500 1353 585; baseline 0.004 -26"><span class='ocrx_word' id='word_1_5' title='bbox 205 500 270 561; x_wconf 88' lang='lat' dir='ltr'><strong>loco</strong></span> <span class='ocrx_word' id='word_1_6' title='bbox 289 503 318 562; x_wconf 93' lang='lat' dir='ltr'><strong>id</strong></span> <span class='ocrx_word' id='word_1_7' title='bbox 339 503 424 563; x_wconf 93' lang='lat' dir='ltr'><strong>nohis</strong></span> <span class='ocrx_word' id='word_1_8' title='bbox 443 522 502 564; x_wconf 95' lang='lat' dir='ltr'><strong>non</strong></span> <span class='ocrx_word' id='word_1_9' title='bbox 521 504 685 565; x_wconf 88' lang='lat' dir='ltr'><strong>curandum</strong></span> <span class='ocrx_word' id='word_1_10' title='bbox 705 513 759 585; x_wconf 89' lang='lat' dir='ltr'><strong>est,</strong></span> <span class='ocrx_word' id='word_1_11' title='bbox 778 505 857 584; x_wconf 90' lang='lat' dir='ltr'><strong>quod</strong></span> <span class='ocrx_word' id='word_1_12' title='bbox 877 505 1004 565; x_wconf 90' lang='lat' dir='ltr'><strong>coniecit</strong></span> <span class='ocrx_word' id='word_1_13' title='bbox 1023 503 1148 582; x_wconf 85' lang='lat' dir='ltr'><strong>Cyrillns</strong></span> <span class='ocrx_word' id='word_1_14' title='bbox 1168 513 1266 565; x_wconf 92' lang='lat' dir='ltr'><strong>rectae</strong></span> <span class='ocrx_word' id='word_1_15' title='bbox 1285 505 1353 565; x_wconf 89' lang='lat' dir='ltr'><strong>fidei</strong></span> 
     </span>
     <span class='ocr_line' id='line_1_3' title="bbox 206 609 1353 693; baseline 0.003 -24"><span class='ocrx_word' id='word_1_16' title='bbox 206 609 345 670; x_wconf 80' lang='lat' dir='ltr'><strong>defensor</strong></span> <span class='ocrx_word' id='word_1_17' title='bbox 368 610 403 670; x_wconf 91' lang='lat' dir='ltr'><strong>de</strong></span> <span class='ocrx_word' id='word_1_18' title='bbox 429 610 543 672; x_wconf 94' lang='lat' dir='ltr'><strong>diabolo</strong></span> <span class='ocrx_word' id='word_1_19' title='bbox 563 611 668 672; x_wconf 89' lang='lat' dir='ltr'><strong>Iuliani</strong></span> <span class='ocrx_word' id='word_1_20' title='bbox 691 612 866 673; x_wconf 84' lang='lat' dir='ltr'><strong>defectionis</strong></span> <span class='ocrx_word' id='word_1_21' title='bbox 888 621 1009 673; x_wconf 89' lang='lat' dir='ltr'><strong>auctore</strong></span> <span class='ocrx_word' id='word_1_22' title='bbox 1033 630 1130 690; x_wconf 88' lang='lat' dir='ltr'><strong>neque</strong></span> <span class='ocrx_word' id='word_1_23' title='bbox 1150 612 1353 693; x_wconf 90' lang='lat' dir='ltr'><strong>dubitandum,</strong></span> 
     </span>
     <span class='ocr_line' id='line_1_4' title="bbox 206 708 1353 796; baseline 0.003 -19"><span class='ocrx_word' id='word_1_24' title='bbox 206 708 281 796; x_wconf 70' lang='lat' dir='ltr'><strong>quin&#39;</strong></span> <span class='ocrx_word' id='word_1_25' title='bbox 291 718 389 778; x_wconf 88' lang='lat' dir='ltr'><strong>verbis</strong></span> <span class='ocrx_word' id='word_1_26' title='bbox 404 717 462 780; x_wconf 86' lang='grc' dir='ltr'><strong>τὸν</strong></span> <span class='ocrx_word' id='word_1_27' title='bbox 476 716 580 793; x_wconf 66' lang='grc' dir='ltr'>ἁγίαις</span> <span class='ocrx_word' id='word_1_28' title='bbox 598 716 771 795; x_wconf 64' lang='lat' dir='ltr'><strong>{calneium</strong></span> <span class='ocrx_word' id='word_1_29' title='bbox 790 717 841 780; x_wconf 84' lang='grc' dir='ltr'><strong>καὶ</strong></span> <span class='ocrx_word' id='word_1_30' title='bbox 859 716 1079 795; x_wconf 76' lang='grc' dir='ltr'>μοναετηρίοιε</span> <span class='ocrx_word' id='word_1_31' title='bbox 1098 717 1353 796; x_wconf 84' lang='grc' dir='ltr'>ἐντεθραμμένον</span> 
     </span>
     <span class='ocr_line' id='line_1_5' title="bbox 204 824 1352 907; baseline 0.003 -24"><span class='ocrx_word' id='word_1_32' title='bbox 204 824 353 886; x_wconf 88' lang='lat' dir='ltr'><strong>rhetorice</strong></span> <span class='ocrx_word' id='word_1_33' title='bbox 377 825 463 886; x_wconf 91' lang='lat' dir='ltr'><strong>dictis</strong></span> <span class='ocrx_word' id='word_1_34' title='bbox 487 826 560 887; x_wconf 89' lang='lat' dir='ltr'>nihil</span> <span class='ocrx_word' id='word_1_35' title='bbox 584 827 748 906; x_wconf 83' lang='lat' dir='ltr'><strong>significare</strong></span> <span class='ocrx_word' id='word_1_36' title='bbox 772 826 912 907; x_wconf 87' lang='lat' dir='ltr'><strong>voluerit,</strong></span> <span class='ocrx_word' id='word_1_37' title='bbox 936 828 994 887; x_wconf 93' lang='lat' dir='ltr'><strong>nisi</strong></span> <span class='ocrx_word' id='word_1_38' title='bbox 1019 826 1165 887; x_wconf 89' lang='lat' dir='ltr'><strong>lulianum</strong></span> <span class='ocrx_word' id='word_1_39' title='bbox 1187 825 1352 887; x_wconf 86' lang='lat' dir='ltr'><strong>Christiana</strong></span> 
     </span>
     <span class='ocr_line' id='line_1_6' title="bbox 203 933 1350 1013; baseline 0.002 -22"><span class='ocrx_word' id='word_1_40' title='bbox 203 933 390 992; x_wconf 88' lang='lat' dir='ltr'><strong>institutione</strong></span> <span class='ocrx_word' id='word_1_41' title='bbox 418 951 506 993; x_wconf 91' lang='lat' dir='ltr'><strong>usum</strong></span> <span class='ocrx_word' id='word_1_42' title='bbox 535 952 608 994; x_wconf 87' lang='lat' dir='ltr'><strong>esse.</strong></span> <span class='ocrx_word' id='word_1_43' title='bbox 652 933 733 1004; x_wconf 90' lang='lat' dir='ltr'><strong>Quae</strong></span> <span class='ocrx_word' id='word_1_44' title='bbox 761 935 787 993; x_wconf 91' lang='lat' dir='ltr'><strong>si</strong></span> <span class='ocrx_word' id='word_1_45' title='bbox 815 935 987 1013; x_wconf 82' lang='lat' dir='ltr'><strong>statuimus,</strong></span> <span class='ocrx_word' id='word_1_46' title='bbox 1014 935 1072 993; x_wconf 90' lang='lat' dir='ltr'><strong>iam</strong></span> <span class='ocrx_word' id='word_1_47' title='bbox 1101 952 1180 994; x_wconf 91' lang='lat' dir='ltr'><strong>nnnc</strong></span> <span class='ocrx_word' id='word_1_48' title='bbox 1209 942 1290 994; x_wconf 88' lang='lat' dir='ltr'><strong>recte</strong></span> <span class='ocrx_word' id='word_1_49' title='bbox 1319 952 1350 993; x_wconf 93' lang='lat' dir='ltr'><strong>se</strong></span> 
     </span>
     <span class='ocr_line' id='line_1_7' title="bbox 203 1037 1350 1120; baseline 0.003 -23"><span class='ocrx_word' id='word_1_50' title='bbox 203 1037 312 1099; x_wconf 90' lang='lat' dir='ltr'><strong>hahent</strong></span> <span class='ocrx_word' id='word_1_51' title='bbox 327 1042 438 1101; x_wconf 91' lang='lat' dir='ltr'><strong>omnia:</strong></span> <span class='ocrx_word' id='word_1_52' title='bbox 452 1041 544 1100; x_wconf 86' lang='lat' dir='ltr'><strong>luisse</strong></span> <span class='ocrx_word' id='word_1_53' title='bbox 557 1039 703 1100; x_wconf 90' lang='lat' dir='ltr'><strong>lulianum</strong></span> <span class='ocrx_word' id='word_1_54' title='bbox 718 1048 876 1119; x_wconf 82' lang='lat' dir='ltr'><strong>antequam</strong></span> <span class='ocrx_word' id='word_1_55' title='bbox 893 1059 993 1101; x_wconf 89' lang='lat' dir='ltr'><strong>rerum</strong></span> <span class='ocrx_word' id='word_1_56' title='bbox 1008 1042 1155 1120; x_wconf 88' lang='lat' dir='ltr'><strong>potiretur</strong></span> <span class='ocrx_word' id='word_1_57' title='bbox 1169 1043 1200 1100; x_wconf 92' lang='lat' dir='ltr'><strong>in</strong></span> <span class='ocrx_word' id='word_1_58' title='bbox 1211 1040 1350 1100; x_wconf 84' lang='lat' dir='ltr'><strong>Christia-</strong></span> 
     </span>
     <span class='ocr_line' id='line_1_8' title="bbox 202 1147 1350 1228; baseline 0.001 -23"><span class='ocrx_word' id='word_1_59' title='bbox 202 1164 310 1206; x_wconf 89' lang='lat' dir='ltr'><strong>norum</strong></span> <span class='ocrx_word' id='word_1_60' title='bbox 333 1166 474 1228; x_wconf 91' lang='lat' dir='ltr'><strong>numero,</strong></span> <span class='ocrx_word' id='word_1_61' title='bbox 498 1148 615 1208; x_wconf 90' lang='lat' dir='ltr'><strong>assidue</strong></span> <span class='ocrx_word' id='word_1_62' title='bbox 639 1147 786 1208; x_wconf 86' lang='lat' dir='ltr'><strong>lectitasse</strong></span> <span class='ocrx_word' id='word_1_63' title='bbox 806 1166 889 1208; x_wconf 88' lang='lat' dir='ltr'><strong>sacra</strong></span> <span class='ocrx_word' id='word_1_64' title='bbox 908 1166 1012 1209; x_wconf 90' lang='lat' dir='ltr'><strong>eornm</strong></span> <span class='ocrx_word' id='word_1_65' title='bbox 1036 1150 1154 1228; x_wconf 89' lang='lat' dir='ltr'><strong>scripta,</strong></span> <span class='ocrx_word' id='word_1_66' title='bbox 1178 1148 1350 1226; x_wconf 80' lang='lat' dir='ltr'><strong>concepisse</strong></span> 
     </span>
     <span class='ocr_line' id='line_1_9' title="bbox 202 1254 1350 1334; baseline 0.002 -21"><span class='ocrx_word' id='word_1_67' title='bbox 202 1256 311 1314; x_wconf 87' lang='lat' dir='ltr'><strong>veteris</strong></span> <span class='ocrx_word' id='word_1_68' title='bbox 335 1254 488 1334; x_wconf 81' lang='lat' dir='ltr'><strong>religionis</strong></span> <span class='ocrx_word' id='word_1_69' title='bbox 507 1273 637 1316; x_wconf 88' lang='lat' dir='ltr'><strong>amorem</strong></span> <span class='ocrx_word' id='word_1_70' title='bbox 657 1255 828 1316; x_wconf 88' lang='lat' dir='ltr'><strong>auctoribus</strong></span> <span class='ocrx_word' id='word_1_71' title='bbox 852 1254 1035 1334; x_wconf 91' lang='lat' dir='ltr'><strong>philosophis</strong></span> <span class='ocrx_word' id='word_1_72' title='bbox 1059 1263 1178 1315; x_wconf 87' lang='lat' dir='ltr'><strong>renatae</strong></span> <span class='ocrx_word' id='word_1_73' title='bbox 1198 1255 1350 1315; x_wconf 88' lang='lat' dir='ltr'><strong>doctrinae</strong></span> 
     </span>
     <span class='ocr_line' id='line_1_10' title="bbox 203 1360 1351 1443; baseline 0.001 -23"><span class='ocrx_word' id='word_1_74' title='bbox 203 1360 370 1421; x_wconf 85' lang='lat' dir='ltr'><strong>Platonicae</strong></span> <span class='ocrx_word' id='word_1_75' title='bbox 390 1361 519 1422; x_wconf 90' lang='lat' dir='ltr'><strong>asseclis.</strong></span> <span class='ocrx_word' id='word_1_76' title='bbox 557 1361 637 1432; x_wconf 84' lang='lat' dir='ltr'><strong>Quae</strong></span> <span class='ocrx_word' id='word_1_77' title='bbox 658 1381 725 1422; x_wconf 90' lang='lat' dir='ltr'><strong>cum</strong></span> <span class='ocrx_word' id='word_1_78' title='bbox 748 1363 788 1422; x_wconf 91' lang='lat' dir='ltr'><strong>ita</strong></span> <span class='ocrx_word' id='word_1_79' title='bbox 813 1364 885 1443; x_wconf 88' lang='lat' dir='ltr'><strong>sint,</strong></span> <span class='ocrx_word' id='word_1_80' title='bbox 908 1360 1057 1422; x_wconf 88' lang='lat' dir='ltr'><strong>nonlicet</strong></span> <span class='ocrx_word' id='word_1_81' title='bbox 1080 1363 1232 1440; x_wconf 88' lang='lat' dir='ltr'><strong>aspernari</strong></span> <span class='ocrx_word' id='word_1_82' title='bbox 1250 1360 1351 1439; x_wconf 82' lang='lat' dir='ltr'><strong>Cyrilli</strong></span> 
     </span>
     <span class='ocr_line' id='line_1_11' title="bbox 202 1468 1349 1548; baseline -0.002 -19"><span class='ocrx_word' id='word_1_83' title='bbox 202 1469 238 1529; x_wconf 91' lang='lat' dir='ltr'><strong>de</strong></span> <span class='ocrx_word' id='word_1_84' title='bbox 272 1469 417 1548; x_wconf 91' lang='lat' dir='ltr'><strong>baptismo</strong></span> <span class='ocrx_word' id='word_1_85' title='bbox 447 1468 551 1529; x_wconf 92' lang='lat' dir='ltr'><strong>luliani</strong></span> <span class='ocrx_word' id='word_1_86' title='bbox 583 1471 794 1530; x_wconf 88' lang='lat' dir='ltr'><strong>testimonium.</strong></span> <span class='ocrx_word' id='word_1_87' title='bbox 837 1468 920 1540; x_wconf 91' lang='lat' dir='ltr'><strong>Quod</strong></span> <span class='ocrx_word' id='word_1_88' title='bbox 955 1471 981 1529; x_wconf 91' lang='lat' dir='ltr'><strong>si</strong></span> <span class='ocrx_word' id='word_1_89' title='bbox 1008 1488 1044 1529; x_wconf 85' lang='lat' dir='ltr'><strong>ex</strong></span> <span class='ocrx_word' id='word_1_90' title='bbox 1072 1468 1170 1548; x_wconf 88' lang='lat' dir='ltr'><strong>aliquo</strong></span> <span class='ocrx_word' id='word_1_91' title='bbox 1203 1469 1349 1547; x_wconf 87' lang='lat' dir='ltr'><strong>scriptore</strong></span> 
     </span>
     <span class='ocr_line' id='line_1_12' title="bbox 202 1575 1350 1656; baseline 0.001 -22"><span class='ocrx_word' id='word_1_92' title='bbox 202 1575 300 1636; x_wconf 90' lang='lat' dir='ltr'><strong>hausit</strong></span> <span class='ocrx_word' id='word_1_93' title='bbox 319 1595 399 1636; x_wconf 91' lang='lat' dir='ltr'><strong>nunc</strong></span> <span class='ocrx_word' id='word_1_94' title='bbox 418 1575 585 1656; x_wconf 91' lang='lat' dir='ltr'><strong>deperdito,</strong></span> <span class='ocrx_word' id='word_1_95' title='bbox 604 1579 713 1655; x_wconf 82' lang='lat' dir='ltr'><strong>gratias</strong></span> <span class='ocrx_word' id='word_1_96' title='bbox 733 1579 761 1636; x_wconf 93' lang='lat' dir='ltr'><strong>ei</strong></span> <span class='ocrx_word' id='word_1_97' title='bbox 780 1594 901 1654; x_wconf 85' lang='lat' dir='ltr'><strong>agemus</strong></span> <span class='ocrx_word' id='word_1_98' title='bbox 920 1575 999 1654; x_wconf 89' lang='lat' dir='ltr'><strong>quod</strong></span> <span class='ocrx_word' id='word_1_99' title='bbox 1019 1576 1100 1636; x_wconf 89' lang='lat' dir='ltr'><strong>solus</strong></span> <span class='ocrx_word' id='word_1_100' title='bbox 1119 1575 1204 1635; x_wconf 90' lang='lat' dir='ltr'><strong>nobis</strong></span> <span class='ocrx_word' id='word_1_101' title='bbox 1224 1577 1350 1635; x_wconf 88' lang='lat' dir='ltr'><strong>servavit</strong></span> 
     </span>
     <span class='ocr_line' id='line_1_13' title="bbox 200 1682 1347 1764; baseline -0.002 -21"><span class='ocrx_word' id='word_1_102' title='bbox 200 1683 290 1744; x_wconf 90' lang='lat' dir='ltr'><strong>huius</strong></span> <span class='ocrx_word' id='word_1_103' title='bbox 313 1685 357 1742; x_wconf 88' lang='lat' dir='ltr'><strong>rei</strong></span> <span class='ocrx_word' id='word_1_104' title='bbox 381 1684 528 1762; x_wconf 82' lang='lat' dir='ltr'><strong>notitiam3</strong></span> <span class='ocrx_word' id='word_1_105' title='bbox 557 1684 602 1741; x_wconf 90' lang='lat' dir='ltr'><strong>sin</strong></span> <span class='ocrx_word' id='word_1_106' title='bbox 626 1690 737 1763; x_wconf 91' lang='lat' dir='ltr'><strong>autem,</strong></span> <span class='ocrx_word' id='word_1_107' title='bbox 761 1682 789 1742; x_wconf 91' lang='lat' dir='ltr'><strong>id</strong></span> <span class='ocrx_word' id='word_1_108' title='bbox 815 1682 892 1761; x_wconf 91' lang='lat' dir='ltr'><strong>quod</strong></span> <span class='ocrx_word' id='word_1_109' title='bbox 917 1685 980 1742; x_wconf 89' lang='lat' dir='ltr'><strong>veri</strong></span> <span class='ocrx_word' id='word_1_110' title='bbox 1003 1683 1128 1743; x_wconf 89' lang='lat' dir='ltr'><strong>similius</strong></span> <span class='ocrx_word' id='word_1_111' title='bbox 1152 1691 1212 1764; x_wconf 90' lang='lat' dir='ltr'><strong>est,</strong></span> <span class='ocrx_word' id='word_1_112' title='bbox 1236 1685 1347 1762; x_wconf 91' lang='lat' dir='ltr'><strong>scripto</strong></span> 
     </span>
     <span class='ocr_line' id='line_1_14' title="bbox 200 1788 1345 1870; baseline -0.002 -20"><span class='ocrx_word' id='word_1_113' title='bbox 200 1790 276 1850; x_wconf 89' lang='lat' dir='ltr'><strong>libro</strong></span> <span class='ocrx_word' id='word_1_114' title='bbox 300 1808 359 1850; x_wconf 92' lang='lat' dir='ltr'><strong>non</strong></span> <span class='ocrx_word' id='word_1_115' title='bbox 384 1788 514 1850; x_wconf 92' lang='lat' dir='ltr'><strong>adhibito</strong></span> <span class='ocrx_word' id='word_1_116' title='bbox 538 1789 617 1868; x_wconf 93' lang='lat' dir='ltr'><strong>quod</strong></span> <span class='ocrx_word' id='word_1_117' title='bbox 646 1792 786 1849; x_wconf 90' lang='lat' dir='ltr'><strong>memoria</strong></span> <span class='ocrx_word' id='word_1_118' title='bbox 815 1789 934 1850; x_wconf 90' lang='lat' dir='ltr'><strong>tenebat</strong></span> <span class='ocrx_word' id='word_1_119' title='bbox 962 1788 1069 1850; x_wconf 88' lang='lat' dir='ltr'><strong>litteris</strong></span> <span class='ocrx_word' id='word_1_120' title='bbox 1093 1789 1236 1870; x_wconf 84' lang='lat' dir='ltr'><strong>condidit,</strong></span> <span class='ocrx_word' id='word_1_121' title='bbox 1265 1788 1345 1849; x_wconf 93' lang='lat' dir='ltr'><strong>colli·</strong></span> 
     </span>
     <span class='ocr_line' id='line_1_15' title="bbox 200 1896 1346 1977; baseline 0.001 -22"><span class='ocrx_word' id='word_1_122' title='bbox 200 1896 328 1975; x_wconf 88' lang='lat' dir='ltr'><strong>gendum</strong></span> <span class='ocrx_word' id='word_1_123' title='bbox 356 1897 425 1958; x_wconf 88' lang='lat' dir='ltr'><strong>inde</strong></span> <span class='ocrx_word' id='word_1_124' title='bbox 450 1901 507 1958; x_wconf 90' lang='lat' dir='ltr'><strong>erit</strong></span> <span class='ocrx_word' id='word_1_125' title='bbox 530 1917 589 1958; x_wconf 92' lang='lat' dir='ltr'><strong>non</strong></span> <span class='ocrx_word' id='word_1_126' title='bbox 617 1897 767 1958; x_wconf 89' lang='lat' dir='ltr'><strong>dubitasse</strong></span> <span class='ocrx_word' id='word_1_127' title='bbox 792 1915 843 1957; x_wconf 87' lang='lat' dir='ltr'><strong>eos</strong></span> <span class='ocrx_word' id='word_1_128' title='bbox 871 1900 923 1976; x_wconf 92' lang='lat' dir='ltr'><strong>qni</strong></span> <span class='ocrx_word' id='word_1_129' title='bbox 950 1908 1022 1957; x_wconf 91' lang='lat' dir='ltr'><strong>tnnc</strong></span> <span class='ocrx_word' id='word_1_130' title='bbox 1052 1896 1174 1957; x_wconf 89' lang='lat' dir='ltr'><strong>fuerunt</strong></span> <span class='ocrx_word' id='word_1_131' title='bbox 1202 1897 1346 1977; x_wconf 90' lang='lat' dir='ltr'><strong>homines,</strong></span> 
     </span>
     <span class='ocr_line' id='line_1_16' title="bbox 201 2002 1346 2084; baseline -0.003 -20"><span class='ocrx_word' id='word_1_132' title='bbox 201 2006 271 2082; x_wconf 90' lang='lat' dir='ltr'><strong>quin</strong></span> <span class='ocrx_word' id='word_1_133' title='bbox 296 2004 441 2084; x_wconf 90' lang='lat' dir='ltr'><strong>baptismo</strong></span> <span class='ocrx_word' id='word_1_134' title='bbox 464 2007 496 2064; x_wconf 93' lang='lat' dir='ltr'><strong>in</strong></span> <span class='ocrx_word' id='word_1_135' title='bbox 515 2003 748 2064; x_wconf 84' lang='lat' dir='ltr'><strong>Christianorum</strong></span> <span class='ocrx_word' id='word_1_136' title='bbox 768 2022 927 2064; x_wconf 89' lang='lat' dir='ltr'><strong>numerum</strong></span> <span class='ocrx_word' id='word_1_137' title='bbox 950 2011 1090 2082; x_wconf 89' lang='lat' dir='ltr'><strong>receptus</strong></span> <span class='ocrx_word' id='word_1_138' title='bbox 1110 2012 1189 2062; x_wconf 89' lang='lat' dir='ltr'><strong>esset</strong></span> <span class='ocrx_word' id='word_1_139' title='bbox 1208 2002 1346 2083; x_wconf 75' lang='lat' dir='ltr'><strong>lulianam,</strong></span> 
     </span>
    </p>
   </div>
   <div class='ocr_carea' id='block_1_3' title="bbox 200 2096 1455 2191">
    <p class='ocr_par' dir='ltr' id='par_1_3' title="bbox 200 2096 1455 2191">
     <span class='ocr_line' id='line_1_17' title="bbox 200 2096 1455 2191; baseline -0.002 -20"><span class='ocrx_word' id='word_1_140' title='bbox 200 2130 297 2191; x_wconf 90' lang='lat' dir='ltr'><strong>neque</strong></span> <span class='ocrx_word' id='word_1_141' title='bbox 322 2114 478 2191; x_wconf 90' lang='lat' dir='ltr'><strong>quisquam</strong></span> <span class='ocrx_word' id='word_1_142' title='bbox 506 2110 662 2170; x_wconf 89' lang='lat' dir='ltr'><strong>mirabitur</strong></span> <span class='ocrx_word' id='word_1_143' title='bbox 686 2112 847 2189; x_wconf 91' lang='lat' dir='ltr'><strong>scriptores</strong></span> <span class='ocrx_word' id='word_1_144' title='bbox 875 2109 949 2170; x_wconf 93' lang='lat' dir='ltr'><strong>nihil</strong></span> <span class='ocrx_word' id='word_1_145' title='bbox 972 2109 1008 2169; x_wconf 91' lang='lat' dir='ltr'><strong>de</strong></span> <span class='ocrx_word' id='word_1_146' title='bbox 1033 2128 1066 2169; x_wconf 91' lang='lat' dir='ltr'><strong>ea</strong></span> <span class='ocrx_word' id='word_1_147' title='bbox 1090 2128 1122 2169; x_wconf 89' lang='lat' dir='ltr'><strong>re</strong></span> <span class='ocrx_word' id='word_1_148' title='bbox 1150 2109 1258 2170; x_wconf 92' lang='lat' dir='ltr'><strong>litteris</strong></span> <span class='ocrx_word' id='word_1_149' title='bbox 1280 2128 1348 2188; x_wconf 93' lang='lat' dir='ltr'><strong>pro·</strong></span> <span class='ocrx_word' id='word_1_150' title='bbox 1445 2096 1455 2114; x_wconf 74' lang='lat'><em>⁶</em></span> 
     </span>
    </p>
   </div>
   <div class='ocr_carea' id='block_1_4' title="bbox 198 2215 1349 2832">
    <p class='ocr_par' dir='ltr' id='par_1_4' title="bbox 198 2215 1349 2832">
     <span class='ocr_line' id='line_1_18' title="bbox 200 2215 1349 2298; baseline -0.002 -21"><span class='ocrx_word' id='word_1_151' title='bbox 200 2218 308 2279; x_wconf 90' lang='lat' dir='ltr'><strong>didisse</strong></span> <span class='ocrx_word' id='word_1_152' title='bbox 333 2237 408 2298; x_wconf 89' lang='lat' dir='ltr'><strong>quae</strong></span> <span class='ocrx_word' id='word_1_153' title='bbox 433 2218 647 2279; x_wconf 87' lang='lat' dir='ltr'><strong>dubitationem</strong></span> <span class='ocrx_word' id='word_1_154' title='bbox 671 2237 730 2277; x_wconf 91' lang='lat' dir='ltr'><strong>non</strong></span> <span class='ocrx_word' id='word_1_155' title='bbox 758 2216 890 2277; x_wconf 88' lang='lat' dir='ltr'><strong>haberet.</strong></span> <span class='ocrx_word' id='word_1_156' title='bbox 932 2216 1034 2296; x_wconf 89' lang='lat' dir='ltr'><strong>Neque</strong></span> <span class='ocrx_word' id='word_1_157' title='bbox 1064 2215 1279 2295; x_wconf 91' lang='lat' dir='ltr'><strong>neglegendum</strong></span> <span class='ocrx_word' id='word_1_158' title='bbox 1303 2223 1349 2276; x_wconf 90' lang='lat' dir='ltr'><strong>est</strong></span> 
     </span>
     <span class='ocr_line' id='line_1_19' title="bbox 200 2322 1346 2404; baseline -0.003 -20"><span class='ocrx_word' id='word_1_159' title='bbox 200 2324 300 2403; x_wconf 77' lang='lat' dir='ltr'><strong>epidi</strong></span> <span class='ocrx_word' id='word_1_160' title='bbox 323 2325 420 2385; x_wconf 89' lang='lat' dir='ltr'><strong>locum</strong></span> <span class='ocrx_word' id='word_1_161' title='bbox 445 2325 481 2384; x_wconf 91' lang='lat' dir='ltr'><strong>de</strong></span> <span class='ocrx_word' id='word_1_162' title='bbox 502 2344 559 2404; x_wconf 89' lang='lat' dir='ltr'><strong>qno</strong></span> <span class='ocrx_word' id='word_1_163' title='bbox 582 2327 696 2404; x_wconf 90' lang='lat' dir='ltr'><strong>egimus</strong></span> <span class='ocrx_word' id='word_1_164' title='bbox 715 2342 780 2384; x_wconf 92' lang='lat' dir='ltr'><strong>esse</strong></span> <span class='ocrx_word' id='word_1_165' title='bbox 804 2327 835 2384; x_wconf 92' lang='lat' dir='ltr'><strong>in</strong></span> <span class='ocrx_word' id='word_1_166' title='bbox 855 2324 1063 2384; x_wconf 90' lang='lat' dir='ltr'><strong>acclamatione</strong></span> <span class='ocrx_word' id='word_1_167' title='bbox 1083 2322 1119 2383; x_wconf 88' lang='lat' dir='ltr'><strong>ad</strong></span> <span class='ocrx_word' id='word_1_168' title='bbox 1138 2324 1346 2402; x_wconf 90' lang='lat' dir='ltr'><strong>imperatorem</strong></span> 
     </span>
     <span class='ocr_line' id='line_1_20' title="bbox 199 2427 1346 2510; baseline -0.004 -19"><span class='ocrx_word' id='word_1_169' title='bbox 199 2431 407 2492; x_wconf 83' lang='lat' dir='ltr'><strong>Theodosium.</strong></span> <span class='ocrx_word' id='word_1_170' title='bbox 444 2431 547 2510; x_wconf 89' lang='lat' dir='ltr'><strong>Neque</strong></span> <span class='ocrx_word' id='word_1_171' title='bbox 567 2433 665 2491; x_wconf 88' lang='lat' dir='ltr'><strong>minus</strong></span> <span class='ocrx_word' id='word_1_172' title='bbox 685 2449 773 2510; x_wconf 89' lang='lat' dir='ltr'><strong>quam</strong></span> <span class='ocrx_word' id='word_1_173' title='bbox 792 2428 895 2509; x_wconf 84' lang='lat' dir='ltr'><strong>Cyrilli</strong></span> <span class='ocrx_word' id='word_1_174' title='bbox 914 2429 1002 2489; x_wconf 92' lang='lat' dir='ltr'><strong>verba</strong></span> <span class='ocrx_word' id='word_1_175' title='bbox 1026 2430 1158 2490; x_wconf 85' lang='lat' dir='ltr'><strong>fabulosa</strong></span> <span class='ocrx_word' id='word_1_176' title='bbox 1182 2429 1217 2488; x_wconf 93' lang='lat' dir='ltr'><strong>de</strong></span> <span class='ocrx_word' id='word_1_177' title='bbox 1234 2427 1346 2489; x_wconf 91' lang='lat' dir='ltr'><strong>luliano</strong></span> 
     </span>
     <span class='ocr_line' id='line_1_21' title="bbox 199 2535 1345 2618; baseline -0.003 -21"><span class='ocrx_word' id='word_1_178' title='bbox 199 2541 329 2599; x_wconf 89' lang='lat' dir='ltr'><strong>narratio</strong></span> <span class='ocrx_word' id='word_1_179' title='bbox 358 2539 478 2618; x_wconf 82' lang='lat' dir='ltr'><strong>Syriaco</strong></span> <span class='ocrx_word' id='word_1_180' title='bbox 507 2541 616 2617; x_wconf 88' lang='lat' dir='ltr'><strong>scripta</strong></span> <span class='ocrx_word' id='word_1_181' title='bbox 649 2537 685 2598; x_wconf 93' lang='lat' dir='ltr'><strong>de</strong></span> <span class='ocrx_word' id='word_1_182' title='bbox 717 2539 812 2616; x_wconf 91' lang='lat' dir='ltr'><strong>ipsius</strong></span> <span class='ocrx_word' id='word_1_183' title='bbox 844 2536 989 2615; x_wconf 88' lang='lat' dir='ltr'><strong>baptismo</strong></span> <span class='ocrx_word' id='word_1_184' title='bbox 1017 2537 1164 2595; x_wconf 89' lang='lat' dir='ltr'><strong>neminem</strong></span> <span class='ocrx_word' id='word_1_185' title='bbox 1195 2535 1345 2596; x_wconf 88' lang='lat' dir='ltr'><strong>dubitasse</strong></span> 
     </span>
     <span class='ocr_line' id='line_1_22' title="bbox 200 2643 1346 2727; baseline -0.002 -22"><span class='ocrx_word' id='word_1_186' title='bbox 200 2647 362 2706; x_wconf 83' lang='lat' dir='ltr'><strong>confirmat.</strong></span> <span class='ocrx_word' id='word_1_187' title='bbox 396 2646 438 2707; x_wconf 90' lang='lat' dir='ltr'><strong>De</strong></span> <span class='ocrx_word' id='word_1_188' title='bbox 457 2664 515 2725; x_wconf 89' lang='lat' dir='ltr'><strong>quo</strong></span> <span class='ocrx_word' id='word_1_189' title='bbox 535 2644 643 2727; x_wconf 94' lang='lat' dir='ltr'><strong>libello,</strong></span> <span class='ocrx_word' id='word_1_190' title='bbox 662 2647 713 2725; x_wconf 92' lang='lat' dir='ltr'><strong>qui</strong></span> <span class='ocrx_word' id='word_1_191' title='bbox 731 2646 882 2705; x_wconf 87' lang='lat' dir='ltr'><strong>invenitur</strong></span> <span class='ocrx_word' id='word_1_192' title='bbox 901 2645 931 2703; x_wconf 94' lang='lat' dir='ltr'><strong>in</strong></span> <span class='ocrx_word' id='word_1_193' title='bbox 951 2643 1054 2703; x_wconf 91' lang='lat' dir='ltr'><strong>codice</strong></span> <span class='ocrx_word' id='word_1_194' title='bbox 1074 2646 1170 2704; x_wconf 91' lang='lat' dir='ltr'><strong>musei</strong></span> <span class='ocrx_word' id='word_1_195' title='bbox 1184 2643 1346 2704; x_wconf 88' lang='lat' dir='ltr'><strong>Britannici</strong></span> 
     </span>
     <span class='ocr_line' id='line_1_23' title="bbox 198 2749 1346 2832; baseline -0.003 -19"><span class='ocrx_word' id='word_1_196' title='bbox 198 2752 282 2814; x_wconf 91' lang='lat' dir='ltr'><strong>Rich.</strong></span> <span class='ocrx_word' id='word_1_197' title='bbox 307 2750 394 2814; x_wconf 75' lang='lat'>7192</span> <span class='ocrx_word' id='word_1_198' title='bbox 418 2772 493 2814; x_wconf 86' lang='lat' dir='ltr'><strong>saec.</strong></span> <span class='ocrx_word' id='word_1_199' title='bbox 517 2752 575 2812; x_wconf 92' lang='lat' dir='ltr'><strong>Vll.</strong></span> <span class='ocrx_word' id='word_1_200' title='bbox 608 2772 704 2832; x_wconf 90' lang='lat' dir='ltr'><strong>nuper</strong></span> <span class='ocrx_word' id='word_1_201' title='bbox 733 2754 792 2832; x_wconf 90' lang='lat' dir='ltr'><strong>egit</strong></span> <span class='ocrx_word' id='word_1_202' title='bbox 820 2752 996 2812; x_wconf 91' lang='lat' dir='ltr'><strong>Theodorus</strong></span> <span class='ocrx_word' id='word_1_203' title='bbox 1023 2749 1172 2811; x_wconf 83' lang='lat' dir='ltr'><strong>Noeldelre</strong></span> <span class='ocrx_word' id='word_1_204' title='bbox 1210 2753 1240 2811; x_wconf 92' lang='lat' dir='ltr'><strong>in</strong></span> <span class='ocrx_word' id='word_1_205' title='bbox 1273 2752 1346 2810; x_wconf 90' lang='lat' dir='ltr'><strong>actis</strong></span> 
     </span>
    </p>
   </div>
   <div class='ocr_carea' id='block_1_5' title="bbox 199 2854 1455 2952">
    <p class='ocr_par' dir='ltr' id='par_1_5' title="bbox 199 2854 1455 2952">
     <span class='ocr_line' id='line_1_24' title="bbox 199 2854 1455 2952; baseline -0.002 -33"><span class='ocrx_word' id='word_1_206' title='bbox 199 2862 349 2921; x_wconf 87' lang='lat' dir='ltr'><strong>societatis</strong></span> <span class='ocrx_word' id='word_1_207' title='bbox 373 2860 563 2921; x_wconf 87' lang='lat' dir='ltr'><strong>Germanicae</strong></span> <span class='ocrx_word' id='word_1_208' title='bbox 588 2858 747 2920; x_wconf 86' lang='lat' dir='ltr'><strong>Orientalis</strong></span> <span class='ocrx_word' id='word_1_209' title='bbox 771 2858 825 2919; x_wconf 91' lang='lat' dir='ltr'><strong>vol.</strong></span> <span class='ocrx_word' id='word_1_210' title='bbox 844 2857 971 2918; x_wconf 88' lang='lat' dir='ltr'><strong>XXVlll.</strong></span> <span class='ocrx_word' id='word_1_211' title='bbox 996 2877 1020 2918; x_wconf 92' lang='lat' dir='ltr'><strong>a.</strong></span> <span class='ocrx_word' id='word_1_212' title='bbox 1041 2854 1127 2919; x_wconf 76' lang='lat'>1874</span> <span class='ocrx_word' id='word_1_213' title='bbox 1150 2877 1177 2936; x_wconf 94' lang='lat' dir='ltr'><strong>p.</strong></span> <span class='ocrx_word' id='word_1_214' title='bbox 1198 2854 1263 2917; x_wconf 89' lang='grc'><strong>660</strong></span> <span class='ocrx_word' id='word_1_215' title='bbox 1278 2875 1342 2935; x_wconf 90' lang='lat' dir='ltr'><strong>sqq.</strong></span> <span class='ocrx_word' id='word_1_216' title='bbox 1450 2924 1455 2952; x_wconf 12' lang='grc' dir='ltr'><em>ζ</em></span> 
     </span>
    </p>
   </div>
   <div class='ocr_carea' id='block_1_6' title="bbox 178 2961 1346 4536">
    <p class='ocr_par' dir='ltr' id='par_1_6' title="bbox 178 2961 1346 4536">
     <span class='ocr_line' id='line_1_25' title="bbox 198 2961 1346 3043; baseline -0.003 -18"><span class='ocrx_word' id='word_1_217' title='bbox 198 2965 254 3026; x_wconf 92' lang='lat' dir='ltr'><strong>Ubi</strong></span> <span class='ocrx_word' id='word_1_218' title='bbox 277 2965 350 3027; x_wconf 89' lang='lat' dir='ltr'><strong>haec</strong></span> <span class='ocrx_word' id='word_1_219' title='bbox 373 2969 566 3027; x_wconf 88' lang='lat' dir='ltr'><strong>inveniuntur</strong></span> <span class='ocrx_word' id='word_1_220' title='bbox 590 2984 605 3024; x_wconf 92' lang='lat' dir='ltr'><strong>a</strong></span> <span class='ocrx_word' id='word_1_221' title='bbox 628 2965 789 3026; x_wconf 87' lang='lat' dir='ltr'><strong>Noeldehio</strong></span> <span class='ocrx_word' id='word_1_222' title='bbox 814 2964 987 3025; x_wconf 89' lang='lat' dir='ltr'><strong>Germanice</strong></span> <span class='ocrx_word' id='word_1_223' title='bbox 1012 2963 1140 3024; x_wconf 89' lang='lat' dir='ltr'><strong>reddita:</strong></span> <span class='ocrx_word' id='word_1_224' title='bbox 1168 2984 1195 3043; x_wconf 94' lang='lat' dir='ltr'><strong>p.</strong></span> <span class='ocrx_word' id='word_1_225' title='bbox 1221 2961 1284 3024; x_wconf 86' lang='grc'><strong>668</strong></span> <span class='ocrx_word' id='word_1_226' title='bbox 1309 2962 1346 3022; x_wconf 93' lang='lat' dir='ltr'><strong>da</strong></span> 
     </span>
     <span class='ocr_line' id='line_1_26' title="bbox 198 3054 1346 3155; baseline -0.003 -23"><span class='ocrx_word' id='word_1_227' title='bbox 198 3082 279 3152; x_wconf 89' lang='lat' dir='ltr'><strong>sagte</strong></span> <span class='ocrx_word' id='word_1_228' title='bbox 304 3092 337 3133; x_wconf 89' lang='lat' dir='ltr'><strong>er</strong></span> <span class='ocrx_word' id='word_1_229' title='bbox 352 3054 417 3155; x_wconf 47' lang='lat' dir='ltr'><strong>¹(sc.</strong></span> <span class='ocrx_word' id='word_1_230' title='bbox 441 3073 494 3133; x_wconf 92' lang='lat' dir='ltr'><strong>der</strong></span> <span class='ocrx_word' id='word_1_231' title='bbox 512 3067 620 3154; x_wconf 85' lang='lat' dir='ltr'><strong>Engel)</strong></span> <span class='ocrx_word' id='word_1_232' title='bbox 643 3071 704 3132; x_wconf 90' lang='lat' dir='ltr'><strong>ihm</strong></span> <span class='ocrx_word' id='word_1_233' title='bbox 728 3067 783 3152; x_wconf 84' lang='lat' dir='ltr'><strong>(sc.</strong></span> <span class='ocrx_word' id='word_1_234' title='bbox 807 3070 875 3132; x_wconf 91' lang='lat' dir='ltr'><strong>dem</strong></span> <span class='ocrx_word' id='word_1_235' title='bbox 894 3063 1056 3149; x_wconf 74' lang='lat' dir='ltr'><strong>Heiligenl:</strong></span> <span class='ocrx_word' id='word_1_236' title='bbox 1080 3070 1128 3129; x_wconf 90' lang='lat' dir='ltr'><strong>ich</strong></span> <span class='ocrx_word' id='word_1_237' title='bbox 1152 3069 1261 3130; x_wconf 88' lang='lat' dir='ltr'><strong>wisehe</strong></span> <span class='ocrx_word' id='word_1_238' title='bbox 1284 3069 1346 3129; x_wconf 90' lang='lat' dir='ltr'><strong>ihm</strong></span> 
     </span>
     <span class='ocr_line' id='line_1_27' title="bbox 198 3173 1345 3262; baseline -0.004 -23"><span class='ocrx_word' id='word_1_239' title='bbox 198 3173 254 3262; x_wconf 90' lang='lat' dir='ltr'><strong>(sc.</strong></span> <span class='ocrx_word' id='word_1_240' title='bbox 277 3180 344 3241; x_wconf 88' lang='lat' dir='ltr'><strong>dem</strong></span> <span class='ocrx_word' id='word_1_241' title='bbox 363 3175 475 3262; x_wconf 83' lang='lat' dir='ltr'><strong>Julian)</strong></span> <span class='ocrx_word' id='word_1_242' title='bbox 499 3180 550 3240; x_wconf 92' lang='lat' dir='ltr'><strong>das</strong></span> <span class='ocrx_word' id='word_1_243' title='bbox 574 3179 679 3258; x_wconf 90' lang='lat' dir='ltr'><strong>heilige</strong></span> <span class='ocrx_word' id='word_1_244' title='bbox 700 3178 902 3239; x_wconf 88' lang='lat' dir='ltr'><strong>Christentum</strong></span> <span class='ocrx_word' id='word_1_245' title='bbox 927 3178 976 3259; x_wconf 92' lang='lat' dir='ltr'><strong>ab,</strong></span> <span class='ocrx_word' id='word_1_246' title='bbox 1000 3180 1053 3237; x_wconf 91' lang='lat' dir='ltr'><strong>mit</strong></span> <span class='ocrx_word' id='word_1_247' title='bbox 1072 3176 1140 3236; x_wconf 90' lang='lat' dir='ltr'><strong>dem</strong></span> <span class='ocrx_word' id='word_1_248' title='bbox 1159 3195 1192 3236; x_wconf 88' lang='lat' dir='ltr'><strong>er</strong></span> <span class='ocrx_word' id='word_1_249' title='bbox 1215 3194 1268 3236; x_wconf 90' lang='lat' dir='ltr'><strong>aus</strong></span> <span class='ocrx_word' id='word_1_250' title='bbox 1292 3175 1345 3235; x_wconf 90' lang='lat' dir='ltr'><strong>der</strong></span> 
     </span>
     <span class='ocr_line' id='line_1_28' title="bbox 197 3280 1346 3366; baseline -0.004 -21"><span class='ocrx_word' id='word_1_251' title='bbox 197 3286 289 3348; x_wconf 88' lang='lat' dir='ltr'><strong>Taule</strong></span> <span class='ocrx_word' id='word_1_252' title='bbox 309 3288 363 3348; x_wconf 93' lang='lat' dir='ltr'><strong>her</strong></span> <span class='ocrx_word' id='word_1_253' title='bbox 382 3287 530 3348; x_wconf 89' lang='lat' dir='ltr'><strong>behleidet</strong></span> <span class='ocrx_word' id='word_1_254' title='bbox 549 3305 622 3366; x_wconf 88' lang='lat' dir='ltr'><strong>war;</strong></span> <span class='ocrx_word' id='word_1_255' title='bbox 642 3305 669 3365; x_wconf 95' lang='lat' dir='ltr'><strong>p.</strong></span> <span class='ocrx_word' id='word_1_256' title='bbox 686 3283 751 3346; x_wconf 78' lang='lat'><strong>670</strong></span> <span class='ocrx_word' id='word_1_257' title='bbox 770 3286 872 3345; x_wconf 85' lang='lat' dir='ltr'><strong>lerner</strong></span> <span class='ocrx_word' id='word_1_258' title='bbox 890 3296 971 3364; x_wconf 91' lang='lat' dir='ltr'><strong>sagte</strong></span> <span class='ocrx_word' id='word_1_259' title='bbox 992 3283 1045 3343; x_wconf 90' lang='lat' dir='ltr'><strong>der</strong></span> <span class='ocrx_word' id='word_1_260' title='bbox 1059 3281 1218 3360; x_wconf 89' lang='lat' dir='ltr'><strong>Philosoph</strong></span> <span class='ocrx_word' id='word_1_261' title='bbox 1234 3280 1346 3362; x_wconf 81' lang='lat' dir='ltr'><strong>Theon,</strong></span> 
     </span>
     <span class='ocr_line' id='line_1_29' title="bbox 198 3385 1346 3470; baseline -0.006 -17"><span class='ocrx_word' id='word_1_262' title='bbox 198 3394 251 3453; x_wconf 92' lang='lat' dir='ltr'><strong>der</strong></span> <span class='ocrx_word' id='word_1_263' title='bbox 279 3393 337 3454; x_wconf 92' lang='lat' dir='ltr'><strong>den</strong></span> <span class='ocrx_word' id='word_1_264' title='bbox 360 3394 459 3454; x_wconf 87' lang='lat' dir='ltr'><strong>Julian</strong></span> <span class='ocrx_word' id='word_1_265' title='bbox 488 3412 540 3453; x_wconf 89' lang='lat' dir='ltr'><strong>aus</strong></span> <span class='ocrx_word' id='word_1_266' title='bbox 569 3392 622 3452; x_wconf 90' lang='lat' dir='ltr'><strong>der</strong></span> <span class='ocrx_word' id='word_1_267' title='bbox 645 3390 738 3451; x_wconf 84' lang='lat' dir='ltr'><strong>Tanfe</strong></span> <span class='ocrx_word' id='word_1_268' title='bbox 766 3391 901 3470; x_wconf 88' lang='lat' dir='ltr'><strong>gehoben</strong></span> <span class='ocrx_word' id='word_1_269' title='bbox 930 3389 1023 3469; x_wconf 69' lang='lat' dir='ltr'><strong>hatte,</strong></span> <span class='ocrx_word' id='word_1_270' title='bbox 1051 3406 1079 3466; x_wconf 88' lang='lat' dir='ltr'><strong>p.</strong></span> <span class='ocrx_word' id='word_1_271' title='bbox 1104 3385 1169 3448; x_wconf 79' lang='lat'><strong>670</strong></span> <span class='ocrx_word' id='word_1_272' title='bbox 1199 3387 1241 3448; x_wconf 92' lang='lat' dir='ltr'><strong>als</strong></span> <span class='ocrx_word' id='word_1_273' title='bbox 1264 3390 1346 3448; x_wconf 91' lang='lat' dir='ltr'><strong>eines</strong></span> 
     </span>
     <span class='ocr_line' id='line_1_30' title="bbox 198 3494 1344 3579; baseline -0.005 -20"><span class='ocrx_word' id='word_1_274' title='bbox 198 3500 293 3579; x_wconf 87' lang='lat' dir='ltr'><strong>Tages</strong></span> <span class='ocrx_word' id='word_1_275' title='bbox 317 3548 322 3559; x_wconf 95' lang='lat'><strong>.</strong></span> <span class='ocrx_word' id='word_1_276' title='bbox 343 3548 349 3560; x_wconf 94' lang='lat'><strong>.</strong></span> <span class='ocrx_word' id='word_1_277' title='bbox 369 3546 375 3559; x_wconf 89' lang='lat'><strong>.</strong></span> <span class='ocrx_word' id='word_1_278' title='bbox 396 3548 401 3559; x_wconf 95' lang='lat'><strong>.</strong></span> <span class='ocrx_word' id='word_1_279' title='bbox 426 3499 479 3560; x_wconf 89' lang='lat' dir='ltr'><strong>der</strong></span> <span class='ocrx_word' id='word_1_280' title='bbox 498 3498 659 3578; x_wconf 91' lang='lat' dir='ltr'><strong>Philosoph</strong></span> <span class='ocrx_word' id='word_1_281' title='bbox 678 3498 782 3558; x_wconf 94' lang='lat' dir='ltr'><strong>Theon</strong></span> <span class='ocrx_word' id='word_1_282' title='bbox 806 3517 871 3559; x_wconf 89' lang='lat' dir='ltr'><strong>zum</strong></span> <span class='ocrx_word' id='word_1_283' title='bbox 891 3496 988 3557; x_wconf 86' lang='lat' dir='ltr'><strong>Julian</strong></span> <span class='ocrx_word' id='word_1_284' title='bbox 1012 3495 1132 3573; x_wconf 89' lang='lat' dir='ltr'><strong>sprach:</strong></span> <span class='ocrx_word' id='word_1_285' title='bbox 1156 3543 1162 3555; x_wconf 88' lang='lat'><strong>.</strong></span> <span class='ocrx_word' id='word_1_286' title='bbox 1182 3543 1188 3554; x_wconf 91' lang='lat'><strong>.</strong></span> <span class='ocrx_word' id='word_1_287' title='bbox 1209 3541 1243 3555; x_wconf 92' lang='lat'><strong>..</strong></span> <span class='ocrx_word' id='word_1_288' title='bbox 1269 3494 1344 3573; x_wconf 83' lang='lat' dir='ltr'><strong>Saga</strong></span> 
     </span>
     <span class='ocr_line' id='line_1_31' title="bbox 198 3600 1345 3686; baseline -0.004 -21"><span class='ocrx_word' id='word_1_289' title='bbox 198 3607 255 3665; x_wconf 89' lang='lat' dir='ltr'><strong>mir</strong></span> <span class='ocrx_word' id='word_1_290' title='bbox 279 3606 350 3686; x_wconf 92' lang='lat' dir='ltr'><strong>also,</strong></span> <span class='ocrx_word' id='word_1_291' title='bbox 373 3623 460 3665; x_wconf 88' lang='lat' dir='ltr'><strong>wenn</strong></span> <span class='ocrx_word' id='word_1_292' title='bbox 485 3652 491 3665; x_wconf 91' lang='lat'><strong>.</strong></span> <span class='ocrx_word' id='word_1_293' title='bbox 512 3652 518 3664; x_wconf 93' lang='lat'><strong>.</strong></span> <span class='ocrx_word' id='word_1_294' title='bbox 539 3654 544 3665; x_wconf 92' lang='lat'><strong>.</strong></span> <span class='ocrx_word' id='word_1_295' title='bbox 570 3605 609 3665; x_wconf 93' lang='lat' dir='ltr'><strong>du</strong></span> <span class='ocrx_word' id='word_1_296' title='bbox 629 3604 732 3666; x_wconf 88' lang='lat' dir='ltr'><strong>Kaiser</strong></span> <span class='ocrx_word' id='word_1_297' title='bbox 755 3607 847 3686; x_wconf 87' lang='lat' dir='ltr'><strong>wirst,</strong></span> <span class='ocrx_word' id='word_1_298' title='bbox 866 3623 926 3664; x_wconf 89' lang='lat' dir='ltr'><strong>was</strong></span> <span class='ocrx_word' id='word_1_299' title='bbox 945 3602 1029 3664; x_wconf 88' lang='lat' dir='ltr'><strong>thust</strong></span> <span class='ocrx_word' id='word_1_300' title='bbox 1047 3602 1086 3662; x_wconf 92' lang='lat' dir='ltr'><strong>du</strong></span> <span class='ocrx_word' id='word_1_301' title='bbox 1106 3601 1184 3662; x_wconf 89' lang='lat' dir='ltr'><strong>dann</strong></span> <span class='ocrx_word' id='word_1_302' title='bbox 1203 3604 1268 3682; x_wconf 88' lang='lat' dir='ltr'><strong>mir,</strong></span> <span class='ocrx_word' id='word_1_303' title='bbox 1292 3600 1345 3660; x_wconf 91' lang='lat' dir='ltr'><strong>der</strong></span> 
     </span>
     <span class='ocr_line' id='line_1_32' title="bbox 197 3707 1345 3790; baseline -0.006 -17"><span class='ocrx_word' id='word_1_304' title='bbox 197 3713 246 3773; x_wconf 91' lang='lat' dir='ltr'><strong>ich</strong></span> <span class='ocrx_word' id='word_1_305' title='bbox 270 3712 338 3773; x_wconf 91' lang='lat' dir='ltr'><strong>dich</strong></span> <span class='ocrx_word' id='word_1_306' title='bbox 361 3731 414 3773; x_wconf 90' lang='lat' dir='ltr'><strong>ans</strong></span> <span class='ocrx_word' id='word_1_307' title='bbox 438 3713 505 3772; x_wconf 91' lang='lat' dir='ltr'><strong>dem</strong></span> <span class='ocrx_word' id='word_1_308' title='bbox 528 3712 715 3772; x_wconf 85' lang='lat' dir='ltr'><strong>Taufwasser</strong></span> <span class='ocrx_word' id='word_1_309' title='bbox 744 3711 879 3790; x_wconf 88' lang='lat' dir='ltr'><strong>gehoben</strong></span> <span class='ocrx_word' id='word_1_310' title='bbox 903 3712 964 3772; x_wconf 90' lang='lat' dir='ltr'><strong>und</strong></span> <span class='ocrx_word' id='word_1_311' title='bbox 993 3711 1039 3771; x_wconf 89' lang='lat' dir='ltr'><strong>dir</strong></span> <span class='ocrx_word' id='word_1_312' title='bbox 1063 3709 1207 3771; x_wconf 88' lang='lat' dir='ltr'><strong>Weisheit</strong></span> <span class='ocrx_word' id='word_1_313' title='bbox 1230 3707 1345 3787; x_wconf 89' lang='lat' dir='ltr'><strong>gelehrt</strong></span> 
     </span>
     <span class='ocr_line' id='line_1_33' title="bbox 178 3798 1342 3898; baseline -0.004 -19"><span class='ocrx_word' id='word_1_314' title='bbox 178 3798 294 3881; x_wconf 72' lang='lat' dir='ltr'><strong>&#39;hahet</strong></span> <span class='ocrx_word' id='word_1_315' title='bbox 327 3819 407 3890; x_wconf 84' lang='lat' dir='ltr'><strong>Quae</strong></span> <span class='ocrx_word' id='word_1_316' title='bbox 433 3837 610 3898; x_wconf 90' lang='lat' dir='ltr'><strong>quamquam</strong></span> <span class='ocrx_word' id='word_1_317' title='bbox 634 3821 664 3878; x_wconf 93' lang='lat' dir='ltr'><strong>in</strong></span> <span class='ocrx_word' id='word_1_318' title='bbox 686 3816 818 3878; x_wconf 83' lang='lat' dir='ltr'><strong>fabulosa</strong></span> <span class='ocrx_word' id='word_1_319' title='bbox 842 3819 1009 3877; x_wconf 88' lang='lat' dir='ltr'><strong>narratione</strong></span> <span class='ocrx_word' id='word_1_320' title='bbox 1033 3820 1237 3898; x_wconf 87' lang='lat' dir='ltr'><strong>inveniuntur,</strong></span> <span class='ocrx_word' id='word_1_321' title='bbox 1261 3816 1342 3876; x_wconf 88' lang='lat' dir='ltr'><strong>lucu-</strong></span> 
     </span>
     <span class='ocr_line' id='line_1_34' title="bbox 196 3923 1343 4005; baseline -0.006 -19"><span class='ocrx_word' id='word_1_322' title='bbox 196 3926 293 3986; x_wconf 90' lang='lat' dir='ltr'><strong>lenter</strong></span> <span class='ocrx_word' id='word_1_323' title='bbox 320 3935 419 3986; x_wconf 90' lang='lat' dir='ltr'><strong>tamen</strong></span> <span class='ocrx_word' id='word_1_324' title='bbox 447 3925 622 4005; x_wconf 87' lang='lat' dir='ltr'><strong>ostendunt,</strong></span> <span class='ocrx_word' id='word_1_325' title='bbox 652 3943 727 4004; x_wconf 92' lang='lat' dir='ltr'><strong>quae</strong></span> <span class='ocrx_word' id='word_1_326' title='bbox 751 3923 788 3983; x_wconf 92' lang='lat' dir='ltr'><strong>de</strong></span> <span class='ocrx_word' id='word_1_327' title='bbox 811 3923 916 3983; x_wconf 91' lang='lat' dir='ltr'><strong>Iuliani</strong></span> <span class='ocrx_word' id='word_1_328' title='bbox 944 3923 1088 4002; x_wconf 91' lang='lat' dir='ltr'><strong>baptismo</strong></span> <span class='ocrx_word' id='word_1_329' title='bbox 1116 3925 1265 3983; x_wconf 88' lang='lat' dir='ltr'><strong>senserint</strong></span> <span class='ocrx_word' id='word_1_330' title='bbox 1293 3924 1343 3999; x_wconf 91' lang='lat' dir='ltr'><strong>qni</strong></span> 
     </span>
     <span class='ocr_line' id='line_1_35' title="bbox 198 4028 1342 4108; baseline -0.005 -15"><span class='ocrx_word' id='word_1_331' title='bbox 198 4051 273 4093; x_wconf 89' lang='lat' dir='ltr'><strong>saec.</strong></span> <span class='ocrx_word' id='word_1_332' title='bbox 293 4032 337 4092; x_wconf 88' lang='lat' dir='ltr'><strong>Vl.</strong></span> <span class='ocrx_word' id='word_1_333' title='bbox 373 4033 495 4093; x_wconf 85' lang='lat' dir='ltr'><strong>luerunt</strong></span> <span class='ocrx_word' id='word_1_334' title='bbox 527 4031 671 4091; x_wconf 90' lang='lat' dir='ltr'><strong>homines.</strong></span> <span class='ocrx_word' id='word_1_335' title='bbox 717 4029 753 4089; x_wconf 87' lang='lat' dir='ltr'><strong>Ei</strong></span> <span class='ocrx_word' id='word_1_336' title='bbox 786 4032 863 4090; x_wconf 88' lang='lat' dir='ltr'><strong>enim</strong></span> <span class='ocrx_word' id='word_1_337' title='bbox 897 4032 1024 4108; x_wconf 89' lang='lat' dir='ltr'><strong>tempori</strong></span> <span class='ocrx_word' id='word_1_338' title='bbox 1058 4028 1244 4090; x_wconf 91' lang='lat' dir='ltr'><strong>tribuendam</strong></span> <span class='ocrx_word' id='word_1_339' title='bbox 1278 4047 1342 4088; x_wconf 91' lang='lat' dir='ltr'><strong>esse</strong></span> 
     </span>
     <span class='ocr_line' id='line_1_36' title="bbox 198 4135 1342 4217; baseline -0.008 -16"><span class='ocrx_word' id='word_1_340' title='bbox 198 4143 396 4201; x_wconf 88' lang='lat' dir='ltr'><strong>narrationem</strong></span> <span class='ocrx_word' id='word_1_341' title='bbox 420 4137 555 4217; x_wconf 87' lang='lat' dir='ltr'><strong>probavit</strong></span> <span class='ocrx_word' id='word_1_342' title='bbox 577 4136 757 4197; x_wconf 86' lang='lat' dir='ltr'><strong>Noeldekins</strong></span> <span class='ocrx_word' id='word_1_343' title='bbox 775 4135 793 4196; x_wconf 98' lang='lat' dir='ltr'><strong>l.</strong></span> <span class='ocrx_word' id='word_1_344' title='bbox 812 4136 831 4196; x_wconf 90' lang='lat' dir='ltr'><strong>l.</strong></span> <span class='ocrx_word' id='word_1_345' title='bbox 868 4136 949 4207; x_wconf 88' lang='lat' dir='ltr'><strong>Quae</strong></span> <span class='ocrx_word' id='word_1_346' title='bbox 974 4156 1041 4197; x_wconf 90' lang='lat' dir='ltr'><strong>cum</strong></span> <span class='ocrx_word' id='word_1_347' title='bbox 1065 4139 1105 4196; x_wconf 90' lang='lat' dir='ltr'><strong>ita</strong></span> <span class='ocrx_word' id='word_1_348' title='bbox 1129 4138 1201 4214; x_wconf 91' lang='lat' dir='ltr'><strong>sint,</strong></span> <span class='ocrx_word' id='word_1_349' title='bbox 1225 4153 1342 4194; x_wconf 91' lang='lat' dir='ltr'><strong>cansam</strong></span> 
     </span>
     <span class='ocr_line' id='line_1_37' title="bbox 197 4226 1341 4326; baseline -0.004 -21"><span class='ocrx_word' id='word_1_350' title='bbox 197 4264 263 4306; x_wconf 91' lang='lat' dir='ltr'><strong>esse</strong></span> <span class='ocrx_word' id='word_1_351' title='bbox 288 4264 371 4326; x_wconf 88' lang='lat' dir='ltr'><strong>nego,</strong></span> <span class='ocrx_word' id='word_1_352' title='bbox 395 4264 449 4306; x_wconf 90' lang='lat' dir='ltr'><strong>cur</strong></span> <span class='ocrx_word' id='word_1_353' title='bbox 473 4247 671 4305; x_wconf 89' lang='lat' dir='ltr'><strong>assentiamur</strong></span> <span class='ocrx_word' id='word_1_354' title='bbox 689 4243 824 4304; x_wconf 86' lang='lat' dir='ltr'><strong>Muechio</strong></span> <span class='ocrx_word' id='word_1_355' title='bbox 849 4252 899 4304; x_wconf 91' lang='lat' dir='ltr'><strong>aut</strong></span> <span class='ocrx_word' id='word_1_356' title='bbox 916 4245 1020 4305; x_wconf 88' lang='lat' dir='ltr'><strong>Rodio.</strong></span> <span class='ocrx_word' id='word_1_357' title='bbox 1057 4243 1159 4321; x_wconf 90' lang='lat' dir='ltr'><strong>Neque</strong></span> <span class='ocrx_word' id='word_1_358' title='bbox 1183 4261 1253 4301; x_wconf 88' lang='lat' dir='ltr'><strong>vero</strong></span> <span class='ocrx_word' id='word_1_359' title='bbox 1274 4226 1341 4300; x_wconf 85' lang='lat' dir='ltr'><strong>con-</strong></span> 
     </span>
     <span class='ocr_line' id='line_1_38' title="bbox 197 4348 1341 4431; baseline -0.006 -18"><span class='ocrx_word' id='word_1_360' title='bbox 197 4353 323 4413; x_wconf 88' lang='lat' dir='ltr'><strong>fidenter</strong></span> <span class='ocrx_word' id='word_1_361' title='bbox 346 4354 539 4431; x_wconf 88' lang='lat' dir='ltr'><strong>pronuntiare</strong></span> <span class='ocrx_word' id='word_1_362' title='bbox 568 4350 671 4412; x_wconf 90' lang='lat' dir='ltr'><strong>dubito</strong></span> <span class='ocrx_word' id='word_1_363' title='bbox 695 4350 840 4411; x_wconf 91' lang='lat' dir='ltr'><strong>lulianum</strong></span> <span class='ocrx_word' id='word_1_364' title='bbox 864 4350 1001 4430; x_wconf 89' lang='lat' dir='ltr'><strong>baptismi</strong></span> <span class='ocrx_word' id='word_1_365' title='bbox 1029 4352 1203 4429; x_wconf 88' lang='lat' dir='ltr'><strong>participem</strong></span> <span class='ocrx_word' id='word_1_366' title='bbox 1232 4348 1341 4408; x_wconf 86' lang='lat' dir='ltr'><strong>lactum</strong></span> 
     </span>
     <span class='ocr_line' id='line_1_39' title="bbox 197 4454 1342 4536; baseline -0.005 -17"><span class='ocrx_word' id='word_1_367' title='bbox 197 4478 272 4536; x_wconf 92' lang='lat' dir='ltr'><strong>esse,</strong></span> <span class='ocrx_word' id='word_1_368' title='bbox 296 4477 363 4519; x_wconf 89' lang='lat' dir='ltr'><strong>cum</strong></span> <span class='ocrx_word' id='word_1_369' title='bbox 384 4458 504 4519; x_wconf 82' lang='lat' dir='ltr'><strong>ddolfus</strong></span> <span class='ocrx_word' id='word_1_370' title='bbox 524 4458 657 4519; x_wconf 90' lang='lat' dir='ltr'><strong>Harnach</strong></span> <span class='ocrx_word' id='word_1_371' title='bbox 683 4460 812 4519; x_wconf 88' lang='lat' dir='ltr'><strong>animum</strong></span> <span class='ocrx_word' id='word_1_372' title='bbox 837 4476 934 4517; x_wconf 89' lang='lat' dir='ltr'><strong>mcum</strong></span> <span class='ocrx_word' id='word_1_373' title='bbox 959 4457 1134 4516; x_wconf 89' lang='lat' dir='ltr'><strong>advertisset</strong></span> <span class='ocrx_word' id='word_1_374' title='bbox 1157 4455 1192 4514; x_wconf 91' lang='lat' dir='ltr'><strong>ad</strong></span> <span class='ocrx_word' id='word_1_375' title='bbox 1212 4454 1342 4514; x_wconf 88' lang='lat' dir='ltr'><strong>Socratis</strong></span> 
     </span>
    </p>
   </div>
   <div class='ocr_carea' id='block_1_7' title="bbox 0 0 1468 5040">
    <p class='ocr_par' dir='ltr' id='par_1_7' title="bbox 0 0 1468 5040">
     <span class='ocr_line' id='line_1_40' title="bbox 0 0 1468 5040; baseline 0 2"><span class='ocrx_word' id='word_1_376' title='bbox 0 0 1468 5040; x_wconf 95' lang='lat' dir='ltr'><strong> </strong></span> 
     </span>
    </p>
   </div>
  </div>
 </body>
</html>
