2926 5040
221 324 285 390 126
721 321 813 396 Caput
830 322 865 379 Π.

220 492 427 555 constituendo
452 487 504 574 (ἐν
526 489 588 568 γὰρ
615 494 662 572 τῷ
685 489 805 572 πρώτῳ
834 489 923 574 λόγῳ
947 490 1000 555 διὰ
1022 490 1180 556 πλείετων
1203 491 1262 568 μὲν
1284 489 1367 554 ὅειυν

219 597 356 661 ἐννοιῶν
378 596 506 675 ἔρχεται
523 592 608 682 κτὲ.).
646 598 749 678 Neque
772 609 871 660 tamen
891 618 980 661 causa
998 609 1072 682 erat,
1094 608 1128 661 ut
1151 599 1272 661 desolo
1294 600 1367 661 libre

218 709 315 786 primo
340 709 452 767 taceret
475 704 574 786 verba,
597 708 623 767 si
646 724 683 766 ne
707 705 892 784 reliquorum
915 707 1036 786 quidem
1059 710 1088 769 ei
1111 709 1184 769 satis
1208 709 1281 769 feeit
1304 725 1366 768 sen·

219 816 379 876 tentiarum
403 813 485 874 ordo.
522 812 602 893 Ergo
625 813 793 874 censendus
817 823 863 874 est
882 813 1009 894 Cyrillus
1033 814 1139 875 eodem
1162 815 1269 876 ordine
1293 823 1366 876 attu-

218 920 288 981 lisse
307 921 412 982 Iuliani
436 921 600 1000 fragmenta
619 938 655 981 ex
679 919 772 980 altero
795 919 873 980 libro
896 919 1010 1002 hausta,
1034 939 1093 1000 qua
1115 923 1148 982 in
1165 924 1261 1002 ipsius
1280 940 1368 1002 opere

218 1027 298 1089 eliud
321 1027 357 1088 ab
382 1027 438 1087 alio
465 1025 677 1106 excipiebatur.
713 1025 795 1097 Quae
820 1045 888 1086 cum
916 1028 957 1088 ita
980 1029 1054 1110 sint,
1082 1047 1143 1089 non
1166 1027 1369 1089 aberrabimus

219 1155 235 1196 a
256 1143 338 1196 recta
357 1136 411 1214 via,
435 1135 461 1194 si
479 1133 608 1194 eundem
626 1135 843 1194 constituemus
862 1134 998 1194 ordinem
1016 1136 1252 1215 fragmentorum
1266 1135 1369 1197 Iuliani

218 1252 307 1322 atque
327 1239 427 1320 Cyrilli
450 1258 564 1315 eorum,
587 1259 603 1300 a
627 1239 735 1319 quibus
759 1239 921 1319 repetenda
945 1248 1015 1301 sunt
1037 1240 1117 1303 illius
1141 1245 1167 1304 si
1189 1245 1291 1304 minus
1309 1245 1371 1323 ipsa

219 1348 322 1429 verba,
350 1356 380 1408 at
403 1355 485 1409 certe
513 1350 688 1409 sententiae.
736 1346 778 1408 lta
807 1349 898 1427 igitur
925 1351 1118 1411 instituemus
1141 1351 1372 1430 disputationem

219 1462 364 1534 nostram,
392 1463 426 1515 ut
455 1456 585 1534 primum
613 1456 645 1515 in
672 1472 766 1515 unum
794 1455 997 1537 conferamus,
1030 1475 1106 1535 quae
1134 1475 1170 1518 ex
1199 1459 1372 1536 fragmentis

219 1561 385 1641 Cyrillianis
408 1559 553 1622 librorum
577 1561 726 1623 undecimi
751 1581 846 1641 usque
869 1561 906 1622 ed
925 1565 1099 1624 vicesimum
1118 1564 1154 1626 de
1173 1564 1282 1626 Iuliani
1304 1583 1371 1626 sen·

220 1670 321 1730 tentiis
348 1669 532 1750 efficiuntur,
566 1671 591 1730 si
622 1668 651 1729 id
679 1667 805 1729 dubium
833 1687 893 1729 non
921 1679 980 1751 est,
1013 1689 1049 1731 ex
1078 1690 1138 1751 quo
1166 1670 1269 1750 cyrilti
1295 1670 1374 1732 libro

218 1774 323 1836 hausta
347 1776 407 1836 sint
430 1776 608 1856 fragmenta,
631 1774 738 1836 deinde
762 1795 796 1837 ea
820 1784 999 1859 tractemus,
1022 1796 1098 1856 quae
1122 1777 1202 1857 quod
1225 1778 1262 1839 ad
1285 1796 1374 1838 evan·

219 1882 294 1961 gelia
317 1884 482 1962 pertinent,
508 1884 682 1963 deprompta
706 1901 772 1944 esse
797 1886 956 1945 statuimus
979 1903 1015 1945 ex
1038 1884 1145 1945 Iuliani
1168 1884 1245 1945 libro
1269 1884 1376 1964 altero,

220 1992 245 2051 si
267 1995 460 2069 perspectum
482 2008 542 2050 nen
560 1988 712 2070 habemus,
738 1991 768 2050 in
792 1964 973 2070 quu'Cyrilii
996 1990 1073 2051 libro
1096 1989 1289 2070 peculiariter
1315 1993 1376 2051 sint

219 2096 355 2157 refutata.
396 2094 429 2156 ln
458 2113 586 2175 quorum
615 2114 740 2156 numero
773 2096 910 2175 ponenda
940 2104 1010 2157 sunt
1039 2105 1069 2157 et
1100 2115 1176 2176 quae
1208 2098 1240 2156 in
1267 2095 1376 2158 decem

220 2203 305 2264 libris
328 2203 414 2265 nobis
433 2205 558 2263 servatis
576 2201 673 2262 obiter
691 2210 906 2264 memoraverat
919 2201 1047 2282 cyrillus
1065 2210 1096 2263 et
1115 2221 1190 2282 quae
1211 2221 1247 2264 cx
1266 2203 1376 2265 decem

221 2310 416 2391 sequentibus
443 2308 547 2370 hausta
570 2317 641 2370 sunt
668 2310 831 2389 fragmenta
860 2309 1004 2370 librorum
1032 2329 1157 2372 numero
1181 2329 1241 2371 non
1269 2311 1378 2394 allat03

221 2436 317 2498 neque
342 2421 440 2478 minus
463 2437 497 2478 ea
520 2417 635 2500 iuliani,
658 2436 733 2496 quae
757 2418 794 2477 ab
818 2417 883 2479 aliis
907 2426 1021 2479 servata
1046 2400 1116 2479 sunt
1139 2425 1229 2497 atque
1253 2417 1378 2500 Cyrillo,

221 2527 247 2584 si
271 2543 329 2603 que
352 2526 383 2585 in
407 2523 483 2586 libro
505 2524 555 2584 ille
578 2524 615 2584 de
638 2524 745 2585 iisdem
767 2527 863 2603 egerit
886 2526 1007 2586 efficere
1030 2543 1091 2585 non
1113 2527 1272 2604 possimus.

611 2811 662 2872 Ex
688 2812 797 2888 Cerilli
817 2812 895 2872 libro
919 2810 977 2871 XI.

782 2951 809 3014 1.

309 3060 410 3121 Altero
430 3059 506 3120 libro
529 3062 560 3120 in
579 3079 703 3121 examen
721 3078 842 3120 vocasse
861 3060 1007 3120 lulianum
1027 3060 1245 3140 evangeiiorum
1271 3079 1377 3123 narra·

222 3169 331 3246 tiones,
354 3165 470 3228 duobus
494 3166 567 3228 locis
590 3170 669 3228 inter
697 3186 729 3227 se
754 3169 931 3247 comparatis
955 3167 1184 3229 demonstratur.
1220 3166 1256 3228 ln
1281 3168 1377 3230 altera

221 3276 301 3335 enim
323 3273 392 3334 libri
414 3276 504 3354 primi
526 3283 609 3354 parte
629 3294 656 3354 p.
671 3271 772 3336 218n
798 3274 882 3334 brevi
904 3282 973 3354 post
995 3276 1169 3353 pronuntiat
1191 3293 1259 3335 sese
1284 3276 1378 3338 verba

221 3381 369 3442 facturum
392 3380 429 3441 de
450 3381 595 3461 prodigiis
619 3400 694 3460 quae
720 3382 751 3441 in
776 3380 934 3461 evangeliis
958 3381 1127 3442 referantur
1150 3399 1248 3460 neque
1273 3385 1377 3444 minus

222 3486 257 3547 de
281 3504 386 3547 eorum
408 3486 571 3547 fraudibus.
608 3485 715 3548 Ταῦτα
735 3483 879 3563 μὲνοῦν,
898 3488 1005 3567 inquit,
1028 3484 1079 3547 καὶ
1097 3485 1208 3563 μικρὸν
1226 3485 1375 3567 ὕετερον,

221 3588 301 3654 ὅταν
320 3589 383 3673 ἰδίᾳ
406 3591 479 3669 περὶ
497 3595 553 3669 τῆ(
571 3593 638 3654 τῶν
658 3590 862 3667 Εὐαγγελίιυν
881 3588 1109 3668 τερατουργίας
1127 3591 1179 3654 καὶ
1198 3593 1376 3672 εκευιυρίαε

221 3696 378 3763 ἐξετάζειν
397 3695 572 3776 ἀρξώμεθα.
613 3701 677 3761 Atio
696 3710 795 3761 autem
818 3700 883 3760 loco
903 3700 975 3761 dicit
995 3700 1050 3760 alia
1070 3700 1106 3761 de
1125 3699 1237 3762 Christi
1259 3720 1374 3780 genere

221 3807 372 3869 rettulisse
395 3806 582 3887 Matthaenm,
606 3807 661 3868 alia
684 3806 810 3888 Lucam;
838 3809 1005 3868 accuratius
1033 3815 1134 3868 autem
1156 3825 1222 3868 sese
1246 3810 1375 3886 inquisi-

221 3924 321 3976 turum
342 3933 407 3976 esse
429 3916 460 3975 in
479 3933 583 3975 eorum
603 3914 770 3976 dissensum
793 3917 824 3976 in
844 3915 920 3976 libro
939 3915 1041 3977 altero.
1078 3914 1155 3976 Sunt
1173 3921 1273 3975 autem
1297 3914 1374 3976 haec

220 4020 325 4082 Iuliani
353 4022 442 4082 rerba
471 4041 498 4101 p.
518 4018 628 4083 25313:
662 4019 850 4096 ἐλέγχονται
882 4019 944 4098 γὰρ
973 4020 1138 4083 Ματθαῑοε
1167 4018 1219 4082 καὶ
1246 4018 1374 4083 Λουκᾶς

220 4125 294 4203 περὶ
316 4129 371 4203 τῆ(
396 4125 607 4201 γενεαλογίατ
636 4125 736 4189 αὐτοῦ
761 4122 816 4211 (sc.
842 4123 989 4209 Χριττοῦ)
1019 4129 1261 4204 διαφωνοῦντετ
1289 4127 1374 4205 πρὸ(

220 4231 387 4311 ἀλλήλουε.
429 4234 531 4315 Pergit
547 4254 576 4315 p.
592 4232 656 4295 261
668 4233 706 4295 E:
730 4231 812 4295 ἀλλὰ
831 4233 904 4310 περὶ
927 4233 986 4311 μὲν
1004 4231 1122 4295 τούτου
1140 4233 1318 4310 μέλλοιτε(
1336 4233 1374 4298 ἐν

220 4344 266 4423 τῷ
285 4341 425 4423 δευτέρῳ
445 4339 660 4419 τυγγρὰμματι
682 4341 721 4403 τὸ
740 4338 855 4417 ἀληθέι
874 4337 1010 4418 ἀκριβῶ(
1028 4337 1187 4405 ἐξετάζειν
1204 4337 1373 4416 ὑπερτιθέ-

220 4452 308 4526 μεθα.
341 4448 383 4510 De
402 4451 429 4509 vi
448 4459 547 4511 autem
567 4452 647 4511 vocis
661 4447 846 4526 (ιἰγγραμμα
864 4450 1036 4510 memineris
1055 4447 1142 4508 velim
1158 4466 1273 4530 eorum,
1295 4468 1374 4530 quae
