2926 5040
497 349 539 404 De
558 348 660 404 Iuliani
678 349 812 404 librorum
831 349 905 404 fabis.
1236 349 1275 414 71

122 515 249 577 diversis
262 518 317 578 viis
326 519 451 578 venisse.
463 563 470 577 .
481 565 486 578 .
499 564 506 577 .
520 515 578 577 illis
591 518 670 578 enim
681 565 687 576 .
698 565 705 578 .
716 564 722 576 .
735 516 938 597 [Matthaeus],
953 517 1084 598 angelus,
1098 519 1203 600 inquit,
1218 517 1276 579 illis

122 624 260 703 apparuit
278 631 309 684 et
331 623 406 684 dixit
428 623 487 684 illis
502 623 653 684 Christum
677 627 843 685 surrexisse
863 632 892 685 et
915 631 948 685 ut
970 634 1136 706 currerent,
1160 627 1275 686 nuntia·

121 736 192 790 rent
218 729 373 810 discipulis
400 738 430 791 et
458 730 515 791 illis
546 729 680 792 dicerent
703 730 854 792 Christum
882 732 1056 792 surrexisse.
1099 730 1275 810 Rursusque

121 840 186 918 ipse
205 836 342 899 Christus
365 837 423 899 illis
447 841 583 918 apparuit
606 840 753 918 iussitque
778 857 827 899 eas
849 839 951 900 dicere
975 837 1118 899 iratribus
1141 839 1203 898 suis
1210 887 1218 918 ‚
1242 846 1277 899 ut

120 946 331 1024 praevenirent
354 962 386 1005 se
410 947 441 1006 in
465 944 635 1027 Galilaeam3
664 954 694 1005 et
716 954 864 1007 venerunt
891 944 1089 1023 dixeruntque
1113 945 1275 1038 discipulis,

51 1070 54 1074 ·
121 1059 156 1112 ut
178 1052 257 1112 irent
279 1053 311 1111 in
334 1051 500 1113 Galilaeam.
540 1051 657 1114 Marcus
680 1061 794 1134 autem,
822 1060 856 1114 ut
879 1053 952 1134 dixi,
976 1070 1060 1112 mane
1085 1053 1184 1112 statim
1207 1058 1276 1131 post

121 1165 221 1218 ortum
239 1158 332 1219 solem
352 1177 421 1220 oum
440 1158 631 1242 aromatibus,
648 1163 759 1241 inquit,
778 1170 925 1221 venerunt
944 1159 1070 1220 feminae
1089 1167 1119 1219 et
1136 1158 1275 1219 viderunt

119 1269 258 1327 iuvenem
273 1265 509 1346 audiveruntque
525 1266 677 1328 Christum
696 1269 862 1329 surrexisse
878 1275 908 1328 et
922 1275 955 1328 ut
969 1269 1048 1327 irent
1062 1265 1161 1326 dicere
1176 1265 1273 1325 lratri-

119 1372 177 1434 bus
201 1374 266 1435 elus
295 1376 494 1454 praecessisse
523 1377 620 1454 ipsum
648 1374 707 1436 illis
733 1379 766 1441 in
789 1375 954 1436 Galilaeam.
992 1373 1057 1434 Non
1080 1380 1179 1434 autem
1203 1372 1275 1433 dicit

120 1478 273 1542 Christum
300 1483 337 1542 iis
365 1470 537 1561 apparuisse
562 1500 659 1561 neque
687 1483 751 1544 illas
780 1485 939 1562 quicquam
968 1480 1122 1560 discipulis
1150 1481 1274 1560 dixisse3

121 1588 234 1648 nemini
257 1589 337 1649 enim
359 1589 519 1669 quicquam
542 1589 691 1651 dixerunt.

572 1875 622 1934 Ex
645 1877 725 1936 libro
747 1875 817 1936 XV.

671 2032 721 2096 19.

206 2156 251 2217 Ex
266 2157 368 2218 Leont.
388 2167 419 2220 et
432 2158 532 2219 loann.
547 2178 575 2239 p.
593 2157 664 2222 100.
697 2155 747 2222 Ἐκ
765 2162 823 2221 τοῦ
844 2151 880 2220 ιε’
899 2160 965 2220 τῶν
985 2155 1065 2219 κατὰ
1084 2152 1267 2220 Ἰουλιανοῡ.

206 2259 289 2327 ’ficu
311 2258 413 2349 nurc¹)
443 2261 492 2328 ἀεὶ
519 2265 556 2328 τὸ
581 2264 764 2345 διαβάλλειν
786 2265 968 2344 ἱππήλατον
996 2264 1047 2326 καὶ
1069 2264 1107 2327 τὸ
1130 2262 1264 2340 ἀκρατὲς

116 2366 164 2435 εἰ(
187 2368 305 2444 λόγου(
328 2368 429 2434 ἔνεττι
453 2373 594 2435 πολλοῖς.
634 2367 714 2457 δεῑῖ)
740 2373 775 2436 δὲ
799 2368 921 2456 οἷμαιθ)
944 2375 1014 2434 ταῑτ
1037 2371 1261 2449 καταρρήτεειν

115 2470 188 2558 ἆτ’)
212 2474 252 2540 ἂν
274 2475 401 2540 ποιοῑτό
424 2497 471 2541 τι(
494 2475 566 2542 καθ’
590 2476 707 2556 ὁτιοῦν,
730 2481 787 2542 τὰ(
810 2479 921 2544 δείξει(
944 2477 1142 2542 ἀκολουθεῖν.
1175 2476 1202 2540 εἰ
1226 2477 1262 2539 δὲ

116 2583 244 2650 ἀεθενεῑ
268 2584 349 2662 πρὸ(
371 2588 469 2648 τοῦτο
493 2583 512 2647 ὁ
536 2590 727 2665 κατηγορεῖν
750 2587 921 2669 ᾐρημένοτ,
949 2587 1007 2664 τὴν
1030 2589 1088 2648 τοῦ
1112 2603 1269 2662 (υκοφαν-

114 2697 186 2757 τεῑν
209 2690 307 2758 δόξαν
330 2687 526 2774 ἀποίιεταιῧ)
555 2704 585 2756 et
608 2697 744 2774 inprimis
768 2697 798 2755 in
822 2695 944 2756 iudicio.
981 2694 1167 2774 Ubicumque
1191 2695 1270 2753 enim

115 2820 258 2863 accusare
283 2801 370 2862 homo
396 2800 604 2880 qualicumque
631 2802 717 2862 modo
742 2821 860 2882 semper
884 2801 968 2862 lacile
992 2808 1091 2882 potest
1114 2810 1144 2861 et
1163 2801 1268 2862 multo-

114 2927 186 2970 rum
205 2916 251 2970 est
272 2909 371 2970 verbis
394 2927 455 2970 non
474 2915 655 2990 sustentare3
679 2910 731 2970 sed
753 2912 790 2970 iis
815 2927 889 2988 quae
909 2911 977 2987 quis
995 2908 1067 2968 dicit
1086 2907 1268 2968 demonstra-

114 3019 216 3078 tiones
238 3016 355 3076 adicere
380 3034 484 3076 eorum
508 3022 622 3076 tantum
646 3024 701 3096 est,
724 3018 776 3096 qni
800 3019 899 3076 sciunt
922 3018 1084 3076 veritatem.

146 3193 152 3206 ι
207 3120 420 3203 llepromptum
430 3140 497 3182 esse
506 3121 624 3183 videtur
639 3122 837 3202 fragmentum
851 3119 891 3183 19
907 3141 943 3182 er
955 3121 1023 3182 libri
1035 3120 1092 3183 llV.
1106 3125 1267 3202 prooemio.

664 3297 716 3361 20.

207 3424 373 3506 Capitulum
392 3425 428 3486 de
443 3444 479 3486 eo
499 3424 577 3505 quod
592 3426 735 3487 Dominus
755 3434 857 3486 noster
877 3424 1071 3486 manducabat
1089 3431 1120 3484 et
1139 3422 1267 3484 bibebat.

112 3534 147 3594 S.
173 3531 274 3612 Cyrilli
297 3549 333 3592 ex
357 3531 432 3593 libro
456 3532 514 3593 XV.
539 3533 680 3594 adversus
704 3533 863 3613 lulianum,
893 3551 960 3593 cum
984 3531 1115 3592 lulianus
1138 3534 1170 3591 in
1193 3530 1267 3591 ludi-

110 3640 217 3702 brium
240 3645 370 3699 verteret
392 3640 437 3721 id,
459 3639 538 3719 quod
561 3640 705 3701 Dominus
728 3648 830 3700 noster
855 3639 1049 3700 manducabat
1072 3647 1103 3698 et
1125 3637 1252 3698 bibebat.

207 3728 316 3806 Verum
335 3732 485 3806 enimvero
506 3746 632 3808 salvator
651 3746 846 3808 manducabat
865 3754 894 3807 et
913 3744 1033 3805 bibebat
1051 3761 1148 3823 nequo
1168 3752 1267 3803 tamen

110 3861 151 3915 ut
179 3853 267 3912 homo
296 3871 384 3913 vorax
412 3860 443 3913 et
469 3861 587 3934 potator
615 3856 688 3936 vini,
716 3861 750 3914 ut
777 3852 878 3914 ludaei
910 3851 1099 3932 impudenter
1129 3848 1267 3910 dicebant

190 4043 217 4111 1)
235 4043 308 4099 Ἐετι
324 4059 385 4097 πω(
403 4041 508 4112 scripsi.
528 4043 601 4097 ἔετιν
618 4061 679 4098 παι(
695 4044 795 4099 Maius.

187 4133 216 4201 2)
234 4131 288 4188 Hic
304 4131 406 4201 incipit
428 4130 617 4201 fragmentum
637 4131 781 4201 Syriacum
803 4133 845 4187 ita
866 4133 1044 4201 inscriptum:
1076 4129 1153 4184 Haec
1172 4129 1266 4184 omnia

109 4220 267 4279 confirmae
284 4218 311 4277 fl.
331 4219 459 4289 Opillus,
478 4237 541 4274 cum
559 4219 590 4274 in
607 4220 680 4275 libro
698 4221 757 4277 XV.
777 4223 875 4276 contra
893 4220 1031 4276 lulianum
1049 4219 1092 4272 ita
1110 4217 1192 4274 dicat.

188 4313 217 4379 3)
235 4311 310 4377 οἶμαι
329 4324 346 4367 ς
364 4308 462 4364 Maius.
482 4311 558 4375 οἶμαι
577 4309 708 4381 Mignius.

189 4399 217 4469 4)
236 4397 390 4469 descripsi.
411 4398 455 4452 uic
472 4396 572 4454 Maius.

188 4490 217 4557 e)
233 4485 311 4543 Finis
327 4485 481 4558 fragmenti
498 4485 606 4542 Graeci.
