2926 5040
473 341 514 396 De
533 340 634 396 loliani
652 339 732 395 libris
750 340 939 396 restituendis.
1218 339 1282 403 105

132 507 239 568 ΙοΙίοοῖ
253 506 491 569 dissertationem
511 526 527 568 a
546 508 644 569 verbis
662 507 722 568 his:
745 503 795 568 ὅτι
809 506 845 569 δὲ
861 504 899 568 οὐ
914 505 1072 582 διδακτὸν,
1092 502 1176 567 ἀλλὰ
1190 503 1283 582 osca

132 612 173 674 τὸ
201 611 319 676 εἰδέναι
346 611 423 676 θεὸν
450 615 519 676 τοῖ(
549 609 731 688 ἀνθρώποιο
761 609 897 690 ὑπάρχει
919 609 981 674 κτὲ.
1029 612 1089 673 lam
1117 632 1187 673 vero
1215 622 1285 692 post

133 720 224 781 verba
252 720 395 799 quaedam
423 738 482 780 non
515 729 629 781 servata
662 718 799 799 sequitur
826 720 952 781 alterum
983 721 1195 801 fragmentum,
1224 739 1283 798 quo

133 845 238 888 omnes
272 828 407 889 homines
439 835 544 888 natura
572 845 641 888 cum
674 827 756 887 caelo
784 829 960 888 coniunctos
992 843 1058 886 esse
1086 825 1283 886 contenditur.

134 932 221 1003 Quod
244 933 442 1012 fragmentum
462 952 530 994 cum
548 942 635 994 antea
658 953 717 994 non
738 942 840 994 notum
864 935 967 1008 fuerit,
992 951 1051 992 non
1075 935 1168 993 miror
1191 951 1229 993 ne
1251 933 1282 992 id

135 1039 256 1118 quidem
279 1040 477 1123 fragmentum
501 1043 531 1100 in
555 1043 649 1120 prima
672 1050 756 1119 parte
780 1042 909 1119 positum
932 1056 1009 1120 esse,
1032 1039 1111 1117 quod
1134 1041 1284 1100 invenitur

133 1166 163 1226 p.
177 1143 253 1208 69Β
268 1165 312 1226 sq.
350 1148 435 1219 Quod
458 1150 484 1208 si
507 1150 689 1226 coniungere
719 1147 870 1207 studueris
894 1165 961 1208 oum
990 1147 1026 1206 iis
1049 1145 1153 1205 loliani
1176 1145 1285 1226 verbis,

134 1272 209 1333 quae
232 1256 264 1315 in
283 1253 384 1334 Cyrilli
407 1255 586 1316 refutatione
608 1253 788 1315 antecedunt
805 1273 833 1333 p.
849 1248 925 1313 65Α
940 1271 1013 1333 sqq„
1037 1253 1147 1313 frustra
1170 1251 1282 1312 lahora-

135 1363 220 1420 veris.
254 1360 339 1432 Quod
358 1363 384 1421 si
403 1368 539 1422 secutum
559 1379 625 1422 esse
644 1364 750 1421 censes
769 1361 807 1439 fg.
822 1356 899 1419 5213
912 1377 966 1439 sq„
985 1359 1081 1418 omnia
1101 1366 1183 1419 recte
1202 1377 1283 1419 nunc

134 1465 309 1546 procedunt.
345 1467 411 1538 Ouo
434 1469 599 1547 fragmento
618 1476 723 1529 natura
742 1485 845 1527 omnes
868 1466 1004 1526 homines
1027 1483 1096 1525 cum
1115 1464 1196 1526 caelo
1214 1482 1283 1525 con·

133 1575 338 1634 iunctoscssse
357 1573 551 1635 contenderat
569 1574 708 1635 lulianus.
746 1574 851 1634 Nonne
872 1575 982 1652 optime
1000 1573 1134 1651 perrexit
1151 1590 1178 1650 p.
1194 1568 1284 1633 69A:

133 1676 164 1740 ri
191 1681 241 1743 δεῖ
267 1699 320 1757 μοι
346 1682 456 1742 καλεῖν
484 1678 642 1757 Ἕλληνα(
673 1680 724 1743 καὶ
750 1675 913 1758 Ἑβραίουε
941 1677 1080 1742 ἐνταῦθα
1108 1673 1282 1754 μάρτυρας

134 1783 242 1848 orihel(
265 1783 347 1848 ἔετιν
369 1785 405 1849 ὃ(
425 1785 483 1849 οὐκ
501 1784 659 1850 ἀνατείνει
683 1787 740 1864 μὲν
759 1785 803 1850 εἰ(
826 1785 968 1863 οὐρανὸν
986 1782 1043 1847 τὰ(
1063 1786 1172 1860 χεῖρα(
1191 1780 1284 1858 εὐχό-

135 1911 244 1970 μενοε,
271 1889 401 1969 ὀμνύων
424 1890 505 1974 (oi)
528 1892 605 1957 θεὸν
627 1892 697 1971 ἤτοι
722 1894 828 1970 esoce,
853 1891 982 1955 ἔννοιαν
1005 1889 1091 1953 otor
1114 1893 1172 1952 τοῦ
1196 1886 1285 1952 θείου

135 1994 317 2077 λαμβάνων,
340 1998 440 2062 ἐκεῑεε
465 1998 597 2076 φέρεται
621 2009 651 2061 et
674 2019 749 2078 quae
774 2009 941 2077 sequuntur
964 2001 996 2059 irr
1019 1998 1284 2059 eandem-senten-

136 2108 206 2166 tiam
229 2103 329 2167 dicta?
365 2109 461 2185 Atque
480 2109 569 2167 etiam
589 2126 624 2167 ex
643 2105 742 2166 verbis
760 2102 891 2167 ἔννοιαν
910 2102 996 2166 ὅλωε
1019 2105 1077 2165 τοῦ
1095 2101 1184 2165 θείου
1208 2104 1283 2177 λαμ-

136 2209 244 2290 βάνων
263 2213 461 2294 colligendum
480 2223 526 2276 est
540 2215 748 2294 depromptum
762 2232 829 2274 esse
844 2213 901 2273 hoc
920 2214 1118 2291 fragmentum
1133 2229 1169 2270 ex
1187 2211 1284 2289 prima

134 2320 352 2382 dissertationis
381 2332 478 2402 parte3
505 2319 725 2381 eodemmodo
758 2338 817 2400 quo
851 2319 940 2380 verba
968 2314 1109 2394 οὐρανὸν
1137 2351 1179 2359 -
1206 2317 1284 2378 θεοῦ

135 2425 255 2505 θρόνον
283 2424 448 2505 ὑπέλαβον
475 2427 714 2507 coniungendum
742 2427 771 2488 id
800 2445 866 2487 esse
894 2445 962 2487 cum
991 2426 1029 2503 fg.
1044 2420 1120 2485 5213
1135 2443 1178 2503 sq.
1206 2421 1283 2483 haud

136 2535 225 2598 dubie
252 2535 466 2596 demonstrant.
515 2535 616 2614 ltaque
644 2536 688 2596 sic
715 2533 921 2596 constituenda
953 2533 1069 2593 videtur
1100 2531 1169 2593 libri
1197 2531 1285 2610 primi

134 2646 231 2724 prima
248 2662 331 2723 pars:
355 2643 392 2721 fg.
407 2639 492 2703 5213.
511 2642 638 2704 lacuna.
662 2644 700 2722 fg.
715 2639 828 2704 5213u.
853 2643 890 2721 lg.
906 2637 947 2702 69
960 2641 982 2700 Β
997 2659 1061 2720 sqq.
1093 2639 1196 2718 Neque
1215 2637 1286 2697 licet

136 2768 192 2810 nos
215 2752 317 2810 mirari
340 2757 399 2809 tam
422 2748 506 2809 brevi
528 2766 593 2809 eam
616 2750 712 2827 spatio
736 2749 854 2828 confici3
878 2749 942 2825 ipse
965 2748 1044 2806 enim
1063 2746 1179 2806 dixerat
1196 2742 1281 2803 lulia-

136 2875 194 2918 nus
216 2858 319 2936 paucis
347 2874 414 2916 sese
441 2857 640 2934 repetiturum
670 2873 751 2935 esse,
779 2854 927 2933 quomodo
955 2862 1020 2914 orta
1043 2855 1083 2914 sit
1109 2851 1157 2912 dei
1181 2851 1285 2910 notitia

137 2957 230 3045 (421)
254 2959 387 3039 μικρὸν
410 2959 450 3022 δὲ
475 2957 689 3039 ἀναλαβεῖν
711 2957 809 3036 ἄξιον,
832 2956 909 3022 ὅθεν
931 2958 1007 3036 ἡμῖν
1029 2959 1097 3038 ἥκει
1121 2956 1172 3020 καὶ
1194 2952 1285 3018 ὅπωε

137 3067 248 3132 ἔννοια
271 3070 347 3132 θεοῦ
369 3066 407 3130 τὸ
431 3064 585 3151 πρῶτον).
1359 3048 1362 3052 ’

226 3176 287 3237 lam
306 3194 386 3236 nunc
409 3175 444 3236 ad
472 3175 594 3237 alteram
617 3184 732 3256 partem
761 3175 973 3237 restituendam
1000 3184 1199 3251 transeamus,
1227 3188 1285 3249 qua

138 3284 319 3362 comparavit
351 3281 481 3342 lulianus
509 3266 691 3343 Graecorum
725 3292 755 3343 ct
782 3283 957 3344 ludaeorum
991 3282 1028 3342 de
1055 3279 1146 3340 rebus
1179 3277 1285 3337 divinis

138 3391 309 3451 sententias.
345 3387 402 3448 Ubi
425 3407 441 3446 a
464 3396 545 3448 recta
568 3391 614 3448 via
637 3407 674 3449 ne
698 3389 884 3470 aberremus,
907 3409 945 3450 ne
968 3388 1175 3448 obliviscamur
1198 3381 1283 3443 lulia-

138 3515 220 3577 num,
244 3514 312 3556 cum
336 3494 447 3554 assecla
466 3504 546 3555 esset
568 3495 771 3575 philosophiae
790 3515 878 3575 qrram
897 3513 1036 3556 vocamus
1055 3491 1286 3571 neoplatonicae‚

138 3620 263 3682 prorsus
290 3603 432 3662 reiecisse
461 3600 587 3683 fabulas,
617 3620 691 3681 quas
719 3603 755 3663 de
783 3603 829 3664 dis
857 3614 961 3683 poetae
989 3609 1195 3681 narraverant,
1222 3606 1285 3659 toto

138 3719 261 3788 pectore
292 3708 424 3778 deditum
452 3708 544 3768 fuisse
572 3708 784 3788 philosophiae.
824 3709 950 3770 fabulas
977 3718 1076 3769 autem
1103 3708 1284 3768 Graecorum

139 3832 215 3892 quae
239 3814 496 3875 vehementissime
520 3833 536 3874 a
559 3813 675 3875 ludaeis
698 3823 729 3875 et
752 3815 928 3876 Christianis
950 3814 1206 3894 vituperabantur,
1235 3830 1283 3872 ex-

139 3929 275 4000 spectare
295 3919 421 3981 debebat
443 3922 507 4000 ipse
531 3919 588 3980 sibi
611 3920 821 4000 exprobratum
845 3923 896 4003 iri,
918 3924 944 3982 si
967 3924 1004 3983 iis
1027 3921 1170 4000 neglectis
1192 3917 1284 3998 philo-

139 4026 274 4106 sophiam
296 4026 384 4088 modo
407 4027 588 4087 Platonicam
616 4037 817 4107 comparasset
839 4047 907 4089 cum
930 4027 1107 4089 Iudaeorum
1134 4026 1285 4104 religione.

139 4130 318 4194 Fabularum
350 4135 442 4212 igitur
474 4136 655 4194 mentionem
688 4135 785 4195 facere
818 4133 944 4196 debehat
975 4153 1072 4214 neque
1104 4133 1190 4193 aliter
1221 4134 1286 4192 sine

139 4240 320 4302 detrimento
341 4249 468 4322 poterat,
491 4242 549 4300 nisi
572 4249 605 4301 ut
627 4243 760 4320 ipsorum
783 4261 902 4321 quoque
921 4241 1097 4302 ludaeorum
1120 4238 1286 4300 doctrinam

140 4348 262 4408 minime
277 4366 380 4408 vacare
395 4346 502 4408 fabulis
516 4346 688 4408 ostenderet
699 4367 793 4427 aeque
808 4357 897 4427 atque
907 4348 1090 4408 Graecorum
1100 4345 1284 4408 detestandis

141 4453 227 4532 Quod
249 4462 408 4535 postquam
431 4453 697 4537 demonstraverat,
723 4464 794 4516 tunc
817 4454 937 4516 demum
959 4456 1087 4516 transire
1110 4460 1228 4536 poterat
1249 4453 1286 4514 ad
