2926 5040
160 361 204 422 34
664 364 755 434 Caput
772 365 793 420 I.

161 548 219 608 quo
242 529 315 589 haec
339 536 409 590 sunt
433 528 563 590 Socratis
590 532 621 592 in
649 530 772 591 historia
796 530 995 591 ecclesiastica
1017 528 1069 590 Vll
1092 527 1151 591 27:
1183 523 1313 606 Ἐφιλο-

160 633 252 698 πόνει
276 635 311 697 δὲ
330 634 380 697 καὶ
399 634 471 712 περὶ
491 633 608 710 λόγου(
629 635 680 698 καὶ
699 634 806 698 πολλὰ
829 635 879 698 καί
898 639 1037 698 παντοῖα
1058 633 1161 714 βιβλία
1184 637 1313 712 ευνῆγε.

158 740 312 818 Ζηλώεαε
327 741 362 803 δὲ
377 741 435 804 τὸν
444 738 589 805 Ἀαανὸν
603 744 670 805 τῶν
685 741 794 818 λόγων
809 746 991 820 χαρακτῆρα
1001 741 1109 805 πολλὰ
1118 742 1312 819 (υνέγραφε,

158 847 198 910 τά
216 868 250 911 τε
270 850 327 911 τοῦ
349 848 500 927 βαειλέωε
513 844 688 912 Ἰουλιανοῦ
702 846 782 911 κατὰ
802 847 996 924 Χριετιανῶν
1016 846 1119 926 βιβλία
1134 844 1310 911 ἀναεκευά-

157 959 222 1020 Ζων
250 954 300 1017 καὶ
326 954 542 1032 Χριετιανικὴν
568 954 709 1032 ἱετορίαν
737 955 920 1032 ευνέθηκεν,
950 956 990 1033 ἣν
1013 954 1050 1017 ἐν
1077 952 1252 1031 τριάκοντα
1276 955 1310 1019 ἓξ

159 1060 287 1140 βιβλίοις
316 1065 443 1126 διελλεν.
484 1063 587 1142 Neque
617 1063 743 1142 Philippi
778 1064 917 1123 refutatio
946 1063 981 1122 ad
1010 1073 1143 1124 nostram
1171 1065 1312 1142 pervenit

158 1179 297 1250 aetatem3
316 1188 404 1248 quam
424 1172 564 1249 scriptam
584 1189 650 1231 esse
670 1179 737 1232 ante
757 1171 919 1249 perfectam
938 1169 1091 1230 historiam
1111 1170 1311 1230 Christianam

157 1294 217 1336 non
242 1279 305 1336 sine
330 1277 427 1354 aliqua
446 1279 577 1336 veritatis
596 1278 695 1355 specie
720 1295 755 1336 co
774 1276 893 1337 efficere
912 1295 1080 1357 possumus,
1104 1277 1183 1355 quod
1203 1276 1310 1336 Socra-

156 1389 202 1442 tes
226 1401 261 1442 eo
290 1401 378 1461 quem
406 1383 494 1443 niodo
522 1383 674 1444 attulimus
702 1382 780 1464 loco,
808 1383 859 1444 ubi
888 1402 922 1443 ex
947 1385 1082 1463 professo
1110 1383 1147 1444 de
1170 1383 1310 1463 Philippo

159 1488 249 1548 verba
273 1489 351 1569 facit,
375 1492 459 1569 prins
477 1490 549 1551 dicit
568 1491 603 1550 de
623 1490 699 1550 libro
719 1493 783 1551 eius
802 1498 904 1551 contra
924 1491 1068 1552 lulianum
1088 1492 1199 1569 scripto
1219 1508 1311 1568 quam

155 1594 192 1655 de
222 1595 344 1656 historia
372 1597 546 1658 Christiana.
588 1596 701 1656 Eodem
729 1604 827 1656 autem
856 1597 951 1674 capite
981 1614 1049 1656 cum
1078 1595 1216 1656 Socrates
1239 1595 1309 1656 Phi·

158 1702 271 1781 lippum
295 1704 457 1784 vituperet,
484 1702 562 1782 quod
592 1720 651 1763 non
680 1705 750 1762 satis
774 1698 899 1782 diligens
928 1704 966 1763 sit
993 1704 1024 1761 in
1048 1701 1234 1780 temporibus
1257 1703 1310 1763 de-

155 1801 334 1892 liniendis,¹)
362 1811 408 1868 vix
439 1811 503 1888 ipse
530 1810 698 1871 censendus
722 1819 768 1870 est
796 1808 899 1869 eodem
927 1809 992 1869 loco
1020 1808 1185 1888 neglexisse
1208 1810 1308 1890 legem

155 1932 242 1992 quam
266 1933 325 1975 non
345 1915 518 1976 observasse
538 1915 601 1974 aliis
621 1914 858 1994 exprobraverat.
894 1914 1032 1975 Nondum
1051 1924 1151 1976 autem
1169 1899 1306 1996 perfecta

154 2029 216 2080 erat
247 2021 370 2082 historia
394 2021 560 2082 Christiana
588 2040 664 2081 anno
687 2018 752 2082 426
777 2021 945 2081 Theodosio
968 2020 1022 2080 XII
1048 2019 1255 2083 Valentiniano
1277 2023 1309 2083 ll

153 2144 228 2186 coss,
270 2127 373 2189 Refert
401 2131 480 2192 enim
510 2128 647 2188 Socrates
671 2127 699 2188 b.
723 2148 748 2188 e.
772 2126 795 2186 V
816 2126 858 2189 26
892 2135 1010 2188 mortuo
1037 2127 1134 2188 Attico
1163 2106 1309 2209 episcopo

153 2232 477 2314 Constantinopolitano
502 2254 570 2296 cnm
594 2253 687 2295 novus
712 2234 865 2313 eligendus
890 2243 969 2294 esset
992 2237 1150 2313 episcopus
1174 2235 1307 2297 electum
1393 2276 1400 2289 ·

152 2358 217 2400 esse
243 2341 415 2424 Sisinnium,
439 2342 588 2421 repulsam
611 2342 716 2402 tulisse
739 2341 908 2421 Philippum
932 2340 1062 2401 Sidetam
1084 2341 1309 2420 presbyterum.

152 2445 246 2517 Quam
266 2466 334 2509 cum
353 2467 440 2528 aegre
460 2450 562 2531 ferret,
581 2451 612 2510 in
631 2449 753 2509 historia
770 2447 935 2508 Christiana
954 2447 1213 2508 vehementissime
1235 2468 1307 2510 enm

150 2554 300 2614 invectum
333 2574 399 2615 esse
431 2557 461 2616 in
491 2556 662 2616 Sisinnium.
708 2556 784 2616 Sunt
816 2566 915 2617 autem
948 2554 1020 2615 haec
1049 2554 1180 2614 Socratis
1213 2553 1308 2614 verba

150 2658 178 2718 b.
203 2678 227 2720 c.
251 2660 302 2720 Vll
327 2659 383 2722 26:
416 2659 466 2721 καὶ
490 2663 720 2736 χειροτονεῖται
744 2658 896 2723 (ιείννιοε
923 2664 960 2743 τῇ
990 2657 1089 2721 εἰκάδι
1119 2656 1220 2740 ὀγδόῃ
1245 2663 1308 2723 τοῦ

151 2763 371 2842 Φεβρουαρίου
400 2764 498 2843 μηνὸς
526 2770 564 2848 τῇ
593 2764 664 2844 ἑξῆε
695 2764 842 2847 ὑπατείᾳ,
873 2765 892 2844 ἥ
923 2785 969 2828 τι(
992 2764 1032 2844 ἦν
1061 2763 1235 2828 Θεοδοείου
1264 2765 1307 2830 τὸ

150 2870 335 2934 δωδέκατον
354 2871 405 2934 καὶ
424 2870 693 2935 Οὐαλεντινιανοῦ
712 2875 770 2935 τοῦ
789 2872 950 2949 νεωτέρου
970 2870 1152 2946 Αὐγούετου
1171 2871 1209 2934 τὸ
1230 2872 1306 2935 δεύ-

149 2996 253 3055 τερον.
286 2977 339 3042 ἐπὶ
357 2977 462 3060 τούτῳ
482 2977 641 3043 Φίλιπποι
661 2977 680 3040 δ
699 2977 919 3057 πρεεβύτεροε,
939 2976 989 3040 ὅτι
1008 2977 1108 3068 αὐτοῦ
1128 2977 1305 3058 προεκρίθη

151 3082 269 3161 ἕτεροι,
285 3083 392 3147 πολλὰ
411 3089 465 3163 τῆ(
481 3083 679 3162 χειροτονία(
693 3079 860 3162 καθήψατο
875 3082 911 3147 έν
929 3088 967 3166 τῇ
987 3085 1193 3167 πεπονημένῃ
1213 3084 1305 3170 αι’πῷ

150 3190 346 3274 Χριετιανικῇ
365 3189 493 3273 ἰατορίᾳ,
520 3189 703 3270 διαβάλλων
722 3189 772 3253 καὶ
791 3190 849 3253 τὸν
868 3185 1134 3268 χειροτονηθέντα
1152 3190 1204 3255 καὶ
1223 3191 1304 3254 τοὺε

148 3298 434 3376 χειροτονήεαντα(
457 3297 508 3360 καὶ
532 3300 645 3380 πολλῷ
668 3297 770 3360 πλέον
789 3297 864 3359 τοὺς
888 3295 1025 3360 λαϊκούε.
1061 3298 1176 3360 Minimi
1199 3305 1303 3360 autem

148 3415 193 3467 est
222 3406 375 3466 faciendus
402 3406 612 3487 Theophanes,
642 3407 693 3484 qui
714 3424 780 3484 pag.
807 3401 882 3485 135,
909 3402 1065 3466 13301111.
1094 3405 1304 3466 annemundi

147 3508 243 3572 5922.
267 3515 285 3571 i.
305 3532 330 3572 e.
350 3531 426 3573 anno
446 3533 473 3592 p.
493 3512 524 3573 C.
543 3532 571 3573 n.
591 3509 657 3573 430
676 3514 817 3591 scriptam
836 3530 902 3572 esse
922 3511 1043 3572 tradidit
1060 3512 1188 3591 Philippi
1206 3511 1301 3572 bisto-

147 3621 235 3700 riam3
259 3637 327 3679 nam
350 3619 445 3680 solum
469 3620 526 3679 boc
549 3619 614 3679 loco
635 3628 787 3679 auctorem
811 3625 932 3678 secutus
957 3618 1110 3678 Socratem
1133 3621 1244 3679 erravit
1268 3621 1302 3680 in

146 3728 215 3788 anni
238 3726 437 3787 adnotatione.
474 3727 534 3787 lam
558 3745 595 3787 ne
619 3728 686 3805 quis
710 3734 795 3804 putet
818 3743 872 3804 per
891 3724 981 3785 breve
1006 3726 1149 3803 temporis
1168 3727 1302 3804 spatium

145 3832 314 3913 Philippum
328 3852 449 3913 operam
463 3832 581 3893 dedisse
601 3834 684 3912 operi
703 3850 757 3891 suo
777 3830 1007 3892 conscribendo:
1025 3832 1083 3890 iam
1102 3840 1170 3892 ante
1185 3850 1299 3893 annum

144 3935 211 4000 405
237 3958 374 4018 magnam
397 3941 461 4000 eius
485 3946 599 4018 partem
623 3938 787 4018 perfectam
810 3956 875 3998 esse
900 3936 1016 3997 ostendi
1039 3944 1146 4015 potest.
1192 3936 1301 4000 Exstat

145 4047 223 4104 enim
256 4045 397 4106 historiae
430 4045 612 4106 Christianae
646 4045 842 4124 fragmentum
876 4047 906 4104 in
942 4042 1119 4103 bibliotheca
1151 4041 1300 4105 Caesarea

144 4148 378 4231 Vindobonensi,
412 4152 497 4211 cuius
529 4152 662 4211 nondum
695 4144 799 4232 editi²)
832 4151 935 4210 notitia
969 4150 1119 4210 invenitur
1150 4151 1182 4210 in
1211 4150 1299 4214 Petri

216 4306 242 4372 1)
262 4305 336 4360 Soor.
356 4305 384 4360 h.
403 4321 427 4360 e.
446 4303 498 4358 VII
517 4310 563 4358 27:
592 4305 649 4370 ἐγὼ
674 4306 704 4358 δὲ
727 4304 816 4359 ἐκεῖνό
840 4321 924 4372 φημι,
948 4304 991 4357 ὅτι
1009 4304 1077 4358 τοὺς
1099 4304 1219 4370 χρόνον(
1241 4309 1298 4374 τῆ(
1389 4364 1394 4371 ,

143 4392 261 4460 ίετορίαε
279 4395 392 4460 ωγχέει.

214 4484 241 4551 2)
260 4483 322 4552 Ipse
341 4483 395 4536 hoc
413 4482 601 4552 fragmentum
619 4481 726 4552 publici
745 4479 813 4536 iuris
831 4482 942 4536 faciam.
