<?xml version="1.0" encoding="UTF-8"?>
<!DOCTYPE html PUBLIC "-//W3C//DTD XHTML 1.0 Transitional//EN"
    "http://www.w3.org/TR/xhtml1/DTD/xhtml1-transitional.dtd">
<html xmlns="http://www.w3.org/1999/xhtml" xml:lang="en" lang="en">
 <head>
  <title>
</title>
<meta http-equiv="Content-Type" content="text/html;charset=utf-8" />
  <meta name='ocr-system' content='tesseract 3.04.00' />
  <meta name='ocr-capabilities' content='ocr_page ocr_carea ocr_par ocr_line ocrx_word'/>
</head>
<body>
  <div class='ocr_page' id='page_1' title='image "./iulianiimperato00neumgoog_0104.png"; bbox 0 0 2926 5040; ppageno 0'>
   <div class='ocr_carea' id='block_1_1' title="bbox 468 329 1244 392">
    <p class='ocr_par' dir='ltr' id='par_1_1' title="bbox 468 329 1244 392">
     <span class='ocr_line' id='line_1_1' title="bbox 468 329 1244 392; baseline 0.01 -8"><span class='ocrx_word' id='word_1_1' title='bbox 468 332 510 385; x_wconf 88' lang='lat' dir='ltr'>De</span> <span class='ocrx_word' id='word_1_2' title='bbox 529 331 630 387; x_wconf 89' lang='lat' dir='ltr'>iuliani</span> <span class='ocrx_word' id='word_1_3' title='bbox 649 332 783 387; x_wconf 88' lang='lat' dir='ltr'>librorum</span> <span class='ocrx_word' id='word_1_4' title='bbox 801 331 873 386; x_wconf 76' lang='lat' dir='ltr'>letis.</span> <span class='ocrx_word' id='word_1_5' title='bbox 1204 329 1244 392; x_wconf 82' lang='grc'>91</span> 
     </span>
    </p>
   </div>
   <div class='ocr_carea' id='block_1_2' title="bbox 99 495 1255 4532">
    <p class='ocr_par' dir='ltr' id='par_1_2' title="bbox 99 495 1255 4532">
     <span class='ocr_line' id='line_1_2' title="bbox 99 495 1247 580; baseline -0.001 -20"><span class='ocrx_word' id='word_1_6' title='bbox 99 497 206 572; x_wconf 88' lang='grc' dir='ltr'>λέγειν</span> <span class='ocrx_word' id='word_1_7' title='bbox 221 497 372 574; x_wconf 83' lang='grc' dir='ltr'>ἐθέλοιεν,</span> <span class='ocrx_word' id='word_1_8' title='bbox 390 495 497 575; x_wconf 88' lang='grc' dir='ltr'>ὥςπερ</span> <span class='ocrx_word' id='word_1_9' title='bbox 516 497 553 560; x_wconf 86' lang='grc' dir='ltr'>ἐν</span> <span class='ocrx_word' id='word_1_10' title='bbox 568 496 753 580; x_wconf 82' lang='grc' dir='ltr'>δικαετηρίιμ</span> <span class='ocrx_word' id='word_1_11' title='bbox 772 497 870 575; x_wconf 84' lang='grc' dir='ltr'>μηδὲν</span> <span class='ocrx_word' id='word_1_12' title='bbox 885 495 1003 561; x_wconf 81' lang='grc' dir='ltr'>ἔξωθεν</span> <span class='ocrx_word' id='word_1_13' title='bbox 1018 500 1247 574; x_wconf 90' lang='grc' dir='ltr'>πολυπραγμο-</span> 
     </span>
     <span class='ocr_line' id='line_1_3' title="bbox 99 602 1248 693; baseline -0.003 -24"><span class='ocrx_word' id='word_1_14' title='bbox 99 610 183 687; x_wconf 82' lang='grc' dir='ltr'>νεῖν,</span> <span class='ocrx_word' id='word_1_15' title='bbox 209 606 300 683; x_wconf 72' lang='lat' dir='ltr'>publ,</span> <span class='ocrx_word' id='word_1_16' title='bbox 328 605 366 667; x_wconf 86' lang='grc' dir='ltr'>τὸ</span> <span class='ocrx_word' id='word_1_17' title='bbox 390 603 580 687; x_wconf 86' lang='grc' dir='ltr'>λεγόμενον,</span> <span class='ocrx_word' id='word_1_18' title='bbox 608 603 882 686; x_wconf 85' lang='grc' dir='ltr'>ἀντικατηγορεῖν,</span> <span class='ocrx_word' id='word_1_19' title='bbox 915 605 976 667; x_wconf 86' lang='grc' dir='ltr'>έωε</span> <span class='ocrx_word' id='word_1_20' title='bbox 1004 603 1044 667; x_wconf 88' lang='grc' dir='ltr'>ἂν</span> <span class='ocrx_word' id='word_1_21' title='bbox 1070 602 1151 693; x_wconf 79' lang='grc' dir='ltr'>ὑπὲρ</span> <span class='ocrx_word' id='word_1_22' title='bbox 1181 607 1248 666; x_wconf 85' lang='grc' dir='ltr'>τῶν</span> 
     </span>
     <span class='ocr_line' id='line_1_4' title="bbox 100 710 1248 793; baseline -0.002 -19"><span class='ocrx_word' id='word_1_23' title='bbox 100 713 240 790; x_wconf 89' lang='grc' dir='ltr'>πρώτων</span> <span class='ocrx_word' id='word_1_24' title='bbox 263 710 528 789; x_wconf 89' lang='grc' dir='ltr'>ἀπολογήςωνται</span> <span class='ocrx_word' id='word_1_25' title='bbox 551 711 612 776; x_wconf 83' lang='grc' dir='ltr'>κτὲ.</span> <span class='ocrx_word' id='word_1_26' title='bbox 651 715 712 774; x_wconf 94' lang='lat' dir='ltr'>lam</span> <span class='ocrx_word' id='word_1_27' title='bbox 736 733 806 774; x_wconf 87' lang='lat' dir='ltr'>vero</span> <span class='ocrx_word' id='word_1_28' title='bbox 830 714 975 793; x_wconf 82' lang='lat' dir='ltr'>lulianus,</span> <span class='ocrx_word' id='word_1_29' title='bbox 998 712 1050 772; x_wconf 92' lang='lat' dir='ltr'>ubi</span> <span class='ocrx_word' id='word_1_30' title='bbox 1073 712 1109 773; x_wconf 89' lang='lat' dir='ltr'>de</span> <span class='ocrx_word' id='word_1_31' title='bbox 1132 712 1248 791; x_wconf 83' lang='lat' dir='ltr'>legibus</span> 
     </span>
     <span class='ocr_line' id='line_1_5' title="bbox 100 819 1247 901; baseline -0.002 -21"><span class='ocrx_word' id='word_1_32' title='bbox 100 840 116 880; x_wconf 90' lang='lat' dir='ltr'>a</span> <span class='ocrx_word' id='word_1_33' title='bbox 135 820 230 881; x_wconf 90' lang='lat' dir='ltr'>Numa</span> <span class='ocrx_word' id='word_1_34' title='bbox 254 819 320 892; x_wconf 85' lang='lat' dir='ltr'>latis</span> <span class='ocrx_word' id='word_1_35' title='bbox 340 819 427 880; x_wconf 89' lang='lat' dir='ltr'>verba</span> <span class='ocrx_word' id='word_1_36' title='bbox 447 820 526 901; x_wconf 87' lang='lat' dir='ltr'>iaoit,</span> <span class='ocrx_word' id='word_1_37' title='bbox 550 830 686 881; x_wconf 80' lang='lat' dir='ltr'>auctores</span> <span class='ocrx_word' id='word_1_38' title='bbox 711 820 857 882; x_wconf 87' lang='lat' dir='ltr'>bonorum</span> <span class='ocrx_word' id='word_1_39' title='bbox 880 820 998 880; x_wconf 92' lang='lat' dir='ltr'>illorum</span> <span class='ocrx_word' id='word_1_40' title='bbox 1020 819 1088 881; x_wconf 83' lang='lat' dir='ltr'>urbi</span> <span class='ocrx_word' id='word_1_41' title='bbox 1111 819 1247 880; x_wconf 87' lang='lat' dir='ltr'>datorum</span> 
     </span>
     <span class='ocr_line' id='line_1_6' title="bbox 100 926 1248 1008; baseline -0.001 -21"><span class='ocrx_word' id='word_1_42' title='bbox 100 928 174 988; x_wconf 81' lang='lat' dir='ltr'>dicit</span> <span class='ocrx_word' id='word_1_43' title='bbox 197 929 289 988; x_wconf 90' lang='lat' dir='ltr'>luisse</span> <span class='ocrx_word' id='word_1_44' title='bbox 308 927 427 987; x_wconf 83' lang='lat' dir='ltr'>oracula</span> <span class='ocrx_word' id='word_1_45' title='bbox 450 927 549 987; x_wconf 85' lang='lat' dir='ltr'>divino</span> <span class='ocrx_word' id='word_1_46' title='bbox 569 931 677 1007; x_wconf 88' lang='lat' dir='ltr'>spiritu</span> <span class='ocrx_word' id='word_1_47' title='bbox 695 928 836 1008; x_wconf 89' lang='lat' dir='ltr'>praedita.</span> <span class='ocrx_word' id='word_1_48' title='bbox 875 927 951 987; x_wconf 88' lang='lat' dir='ltr'>Sunt</span> <span class='ocrx_word' id='word_1_49' title='bbox 970 934 1068 986; x_wconf 91' lang='lat' dir='ltr'>autem</span> <span class='ocrx_word' id='word_1_50' title='bbox 1092 926 1165 986; x_wconf 86' lang='lat' dir='ltr'>haee</span> <span class='ocrx_word' id='word_1_51' title='bbox 1184 929 1248 986; x_wconf 88' lang='lat' dir='ltr'>eius</span> 
     </span>
     <span class='ocr_line' id='line_1_7' title="bbox 100 1029 1249 1112; baseline 0 -20"><span class='ocrx_word' id='word_1_52' title='bbox 100 1032 191 1094; x_wconf 84' lang='lat' dir='ltr'>verba</span> <span class='ocrx_word' id='word_1_53' title='bbox 214 1052 242 1112; x_wconf 94' lang='lat' dir='ltr'>p.</span> <span class='ocrx_word' id='word_1_54' title='bbox 260 1030 369 1093; x_wconf 74' lang='lat' dir='ltr'>tote:</span> <span class='ocrx_word' id='word_1_55' title='bbox 392 1030 500 1094; x_wconf 84' lang='grc' dir='ltr'>Ταῦτα</span> <span class='ocrx_word' id='word_1_56' title='bbox 524 1032 582 1108; x_wconf 81' lang='grc' dir='ltr'>μὲν</span> <span class='ocrx_word' id='word_1_57' title='bbox 605 1031 664 1095; x_wconf 81' lang='grc' dir='ltr'>οὖν</span> <span class='ocrx_word' id='word_1_58' title='bbox 688 1032 723 1095; x_wconf 85' lang='grc' dir='ltr'>ἐκ</span> <span class='ocrx_word' id='word_1_59' title='bbox 745 1037 883 1109; x_wconf 87' lang='grc' dir='ltr'>κατοχῆς</span> <span class='ocrx_word' id='word_1_60' title='bbox 902 1031 953 1095; x_wconf 83' lang='grc' dir='ltr'>καὶ</span> <span class='ocrx_word' id='word_1_61' title='bbox 972 1030 1139 1095; x_wconf 85' lang='grc' dir='ltr'>ἐπιπνοίας</span> <span class='ocrx_word' id='word_1_62' title='bbox 1162 1029 1249 1094; x_wconf 92' lang='grc' dir='ltr'>θείας</span> 
     </span>
     <span class='ocr_line' id='line_1_8' title="bbox 101 1136 1249 1217; baseline -0.002 -16"><span class='ocrx_word' id='word_1_63' title='bbox 101 1137 136 1202; x_wconf 86' lang='grc' dir='ltr'>ἔκ</span> <span class='ocrx_word' id='word_1_64' title='bbox 158 1157 194 1201; x_wconf 91' lang='grc' dir='ltr'>τε</span> <span class='ocrx_word' id='word_1_65' title='bbox 217 1141 284 1200; x_wconf 85' lang='grc' dir='ltr'>τῶν</span> <span class='ocrx_word' id='word_1_66' title='bbox 306 1141 361 1216; x_wconf 88' lang='grc' dir='ltr'>τῆς</span> <span class='ocrx_word' id='word_1_67' title='bbox 385 1138 537 1217; x_wconf 80' lang='grc' dir='ltr'>(ιβύλλης</span> <span class='ocrx_word' id='word_1_68' title='bbox 560 1139 700 1202; x_wconf 85' lang='grc' dir='ltr'>καὶτῶν</span> <span class='ocrx_word' id='word_1_69' title='bbox 723 1136 847 1216; x_wconf 84' lang='grc' dir='ltr'>ἄλλων,</span> <span class='ocrx_word' id='word_1_70' title='bbox 876 1138 906 1201; x_wconf 84' lang='lat' dir='ltr'>oi</span> <span class='ocrx_word' id='word_1_71' title='bbox 930 1140 968 1217; x_wconf 84' lang='grc' dir='ltr'>δὴ</span> <span class='ocrx_word' id='word_1_72' title='bbox 997 1137 1146 1214; x_wconf 87' lang='grc' dir='ltr'>γεγόναςι</span> <span class='ocrx_word' id='word_1_73' title='bbox 1169 1137 1249 1200; x_wconf 88' lang='grc' dir='ltr'>κατὰ</span> 
     </span>
     <span class='ocr_line' id='line_1_9' title="bbox 99 1243 1249 1328; baseline -0.001 -20"><span class='ocrx_word' id='word_1_74' title='bbox 99 1247 159 1324; x_wconf 84' lang='grc' dir='ltr'>τὴν</span> <span class='ocrx_word' id='word_1_75' title='bbox 173 1243 308 1322; x_wconf 87' lang='grc' dir='ltr'>πάτριον</span> <span class='ocrx_word' id='word_1_76' title='bbox 323 1247 438 1323; x_wconf 90' lang='grc' dir='ltr'>φωνὴν</span> <span class='ocrx_word' id='word_1_77' title='bbox 456 1245 677 1324; x_wconf 87' lang='grc' dir='ltr'>χρηεμολόγοι,</span> <span class='ocrx_word' id='word_1_78' title='bbox 698 1245 845 1324; x_wconf 85' lang='grc' dir='ltr'>φαίνεται</span> <span class='ocrx_word' id='word_1_79' title='bbox 865 1247 941 1308; x_wconf 86' lang='grc' dir='ltr'>δοὺς</span> <span class='ocrx_word' id='word_1_80' title='bbox 956 1244 975 1308; x_wconf 90' lang='grc' dir='ltr'>ὁ</span> <span class='ocrx_word' id='word_1_81' title='bbox 989 1246 1071 1309; x_wconf 87' lang='grc' dir='ltr'>Ζεὺς</span> <span class='ocrx_word' id='word_1_82' title='bbox 1089 1250 1127 1328; x_wconf 85' lang='grc' dir='ltr'>τῇ</span> <span class='ocrx_word' id='word_1_83' title='bbox 1142 1243 1249 1327; x_wconf 63' lang='grc' dir='ltr'>πόλει,</span> 
     </span>
     <span class='ocr_line' id='line_1_10' title="bbox 101 1350 1250 1433; baseline 0 -19"><span class='ocrx_word' id='word_1_84' title='bbox 101 1354 180 1414; x_wconf 88' lang='lat' dir='ltr'>idem</span> <span class='ocrx_word' id='word_1_85' title='bbox 204 1373 231 1433; x_wconf 87' lang='lat' dir='ltr'>p.</span> <span class='ocrx_word' id='word_1_86' title='bbox 253 1350 361 1415; x_wconf 71' lang='lat'>198132</span> <span class='ocrx_word' id='word_1_87' title='bbox 393 1352 431 1415; x_wconf 90' lang='grc' dir='ltr'>τὸ</span> <span class='ocrx_word' id='word_1_88' title='bbox 460 1352 521 1429; x_wconf 88' lang='grc' dir='ltr'>γὰρ</span> <span class='ocrx_word' id='word_1_89' title='bbox 550 1352 585 1417; x_wconf 86' lang='grc' dir='ltr'>ἐκ</span> <span class='ocrx_word' id='word_1_90' title='bbox 608 1356 693 1416; x_wconf 87' lang='grc' dir='ltr'>θεῶν</span> <span class='ocrx_word' id='word_1_91' title='bbox 721 1352 766 1416; x_wconf 89' lang='grc' dir='ltr'>εἰς</span> <span class='ocrx_word' id='word_1_92' title='bbox 794 1350 985 1431; x_wconf 89' lang='grc' dir='ltr'>ἀνθρώπους</span> <span class='ocrx_word' id='word_1_93' title='bbox 1012 1351 1250 1431; x_wconf 82' lang='grc' dir='ltr'>ἀφικνούμενον</span> 
     </span>
     <span class='ocr_line' id='line_1_11' title="bbox 101 1457 1250 1540; baseline -0.001 -19"><span class='ocrx_word' id='word_1_94' title='bbox 101 1462 227 1535; x_wconf 84' lang='grc' dir='ltr'>πνεῦμα</span> <span class='ocrx_word' id='word_1_95' title='bbox 250 1457 412 1522; x_wconf 88' lang='grc' dir='ltr'>επανιὰκιε</span> <span class='ocrx_word' id='word_1_96' title='bbox 435 1459 493 1536; x_wconf 85' lang='grc' dir='ltr'>μὲν</span> <span class='ocrx_word' id='word_1_97' title='bbox 517 1459 567 1522; x_wconf 87' lang='grc' dir='ltr'>καὶ</span> <span class='ocrx_word' id='word_1_98' title='bbox 590 1459 627 1522; x_wconf 87' lang='grc' dir='ltr'>ἐν</span> <span class='ocrx_word' id='word_1_99' title='bbox 651 1458 771 1536; x_wconf 88' lang='grc' dir='ltr'>ὀλίγοις</span> <span class='ocrx_word' id='word_1_100' title='bbox 791 1458 911 1535; x_wconf 86' lang='grc' dir='ltr'>γίνεται</span> <span class='ocrx_word' id='word_1_101' title='bbox 934 1458 995 1521; x_wconf 88' lang='grc' dir='ltr'>κτὲ.</span> <span class='ocrx_word' id='word_1_102' title='bbox 1034 1461 1135 1522; x_wconf 89' lang='lat' dir='ltr'>Divina</span> <span class='ocrx_word' id='word_1_103' title='bbox 1159 1464 1250 1540; x_wconf 83' lang='lat' dir='ltr'>igitur</span> 
     </span>
     <span class='ocr_line' id='line_1_12' title="bbox 101 1566 1250 1649; baseline 0.001 -22"><span class='ocrx_word' id='word_1_104' title='bbox 101 1567 252 1647; x_wconf 88' lang='lat' dir='ltr'>praedicat</span> <span class='ocrx_word' id='word_1_105' title='bbox 279 1567 411 1649; x_wconf 79' lang='lat' dir='ltr'>oracula,</span> <span class='ocrx_word' id='word_1_106' title='bbox 444 1566 533 1630; x_wconf 84' lang='grc' dir='ltr'>θείαν</span> <span class='ocrx_word' id='word_1_107' title='bbox 561 1570 708 1647; x_wconf 84' lang='lat' dir='ltr'>signifieat</span> <span class='ocrx_word' id='word_1_108' title='bbox 736 1588 801 1629; x_wconf 88' lang='lat' dir='ltr'>esse</span> <span class='ocrx_word' id='word_1_109' title='bbox 834 1566 1006 1630; x_wconf 87' lang='grc' dir='ltr'>ἐπίπνοιαν</span> <span class='ocrx_word' id='word_1_110' title='bbox 1039 1576 1069 1628; x_wconf 91' lang='lat' dir='ltr'>et</span> <span class='ocrx_word' id='word_1_111' title='bbox 1100 1567 1250 1644; x_wconf 86' lang='grc' dir='ltr'>κατοχήν.</span> 
     </span>
     <span class='ocr_line' id='line_1_13' title="bbox 102 1671 1252 1756; baseline 0.002 -22"><span class='ocrx_word' id='word_1_112' title='bbox 102 1674 212 1735; x_wconf 78' lang='lat' dir='ltr'><strong>Contra</strong></span> <span class='ocrx_word' id='word_1_113' title='bbox 227 1683 314 1755; x_wconf 87' lang='lat' dir='ltr'>atque</span> <span class='ocrx_word' id='word_1_114' title='bbox 327 1676 438 1735; x_wconf 90' lang='lat' dir='ltr'>Iuliano</span> <span class='ocrx_word' id='word_1_115' title='bbox 457 1675 575 1756; x_wconf 79' lang='lat' dir='ltr'>placuit,</span> <span class='ocrx_word' id='word_1_116' title='bbox 585 1675 622 1736; x_wconf 91' lang='lat' dir='ltr'>de</span> <span class='ocrx_word' id='word_1_117' title='bbox 632 1675 845 1754; x_wconf 84' lang='lat' dir='ltr'>ehresmologis</span> <span class='ocrx_word' id='word_1_118' title='bbox 855 1675 1061 1735; x_wconf 85' lang='lat' dir='ltr'>Theodoretus</span> <span class='ocrx_word' id='word_1_119' title='bbox 1071 1671 1252 1754; x_wconf 76' lang='lat' dir='ltr'><strong>p.374,5G:</strong></span> 
     </span>
     <span class='ocr_line' id='line_1_14' title="bbox 103 1776 1251 1859; baseline 0 -17"><span class='ocrx_word' id='word_1_120' title='bbox 103 1780 155 1843; x_wconf 86' lang='grc' dir='ltr'>καὶ</span> <span class='ocrx_word' id='word_1_121' title='bbox 178 1779 218 1842; x_wconf 87' lang='grc' dir='ltr'>τὰ</span> <span class='ocrx_word' id='word_1_122' title='bbox 240 1778 301 1857; x_wconf 86' lang='grc' dir='ltr'>ἔπη</span> <span class='ocrx_word' id='word_1_123' title='bbox 326 1779 384 1843; x_wconf 88' lang='grc' dir='ltr'>οὐκ</span> <span class='ocrx_word' id='word_1_124' title='bbox 407 1778 443 1843; x_wconf 86' lang='grc' dir='ltr'>ἔκ</span> <span class='ocrx_word' id='word_1_125' title='bbox 465 1799 552 1843; x_wconf 89' lang='grc' dir='ltr'>τινος</span> <span class='ocrx_word' id='word_1_126' title='bbox 575 1785 724 1858; x_wconf 83' lang='grc' dir='ltr'>θειαςμοῦ</span> <span class='ocrx_word' id='word_1_127' title='bbox 747 1781 798 1843; x_wconf 88' lang='grc' dir='ltr'>καὶ</span> <span class='ocrx_word' id='word_1_128' title='bbox 822 1784 960 1859; x_wconf 85' lang='grc' dir='ltr'>κατοχῆς</span> <span class='ocrx_word' id='word_1_129' title='bbox 983 1780 1098 1857; x_wconf 85' lang='grc' dir='ltr'>λέγειν,</span> <span class='ocrx_word' id='word_1_130' title='bbox 1122 1776 1192 1842; x_wconf 79' lang='grc' dir='ltr'>ἀλλ’</span> <span class='ocrx_word' id='word_1_131' title='bbox 1216 1779 1251 1842; x_wconf 83' lang='grc' dir='ltr'>ἐκ</span> 
     </span>
     <span class='ocr_line' id='line_1_15' title="bbox 101 1884 1252 1969; baseline -0.001 -20"><span class='ocrx_word' id='word_1_132' title='bbox 101 1891 158 1965; x_wconf 88' lang='grc' dir='ltr'>τῆς</span> <span class='ocrx_word' id='word_1_133' title='bbox 181 1884 430 1963; x_wconf 76' lang='grc' dir='ltr'>Ἐμπεδοκλέους</span> <span class='ocrx_word' id='word_1_134' title='bbox 453 1890 615 1950; x_wconf 86' lang='grc' dir='ltr'>ςυλῶντας</span> <span class='ocrx_word' id='word_1_135' title='bbox 638 1889 802 1966; x_wconf 90' lang='grc' dir='ltr'>ποιήςεως.</span> <span class='ocrx_word' id='word_1_136' title='bbox 845 1889 947 1968; x_wconf 85' lang='lat' dir='ltr'><strong>Neque</strong></span> <span class='ocrx_word' id='word_1_137' title='bbox 967 1889 1183 1969; x_wconf 84' lang='lat' dir='ltr'>neglegendum</span> <span class='ocrx_word' id='word_1_138' title='bbox 1206 1898 1252 1949; x_wconf 90' lang='lat' dir='ltr'>est</span> 
     </span>
     <span class='ocr_line' id='line_1_16' title="bbox 103 1994 1251 2075; baseline 0 -20"><span class='ocrx_word' id='word_1_139' title='bbox 103 1995 280 2075; x_wconf 82' lang='lat' dir='ltr'>quibusdam</span> <span class='ocrx_word' id='word_1_140' title='bbox 299 1995 371 2056; x_wconf 90' lang='lat' dir='ltr'>loeis</span> <span class='ocrx_word' id='word_1_141' title='bbox 387 1994 583 2057; x_wconf 78' lang='lat' dir='ltr'>Galilaeorum</span> <span class='ocrx_word' id='word_1_142' title='bbox 603 1999 721 2057; x_wconf 89' lang='lat' dir='ltr'>nomine</span> <span class='ocrx_word' id='word_1_143' title='bbox 736 1999 780 2061; x_wconf 82' lang='lat' dir='ltr'>uti</span> <span class='ocrx_word' id='word_1_144' title='bbox 795 1996 1015 2057; x_wconf 83' lang='lat' dir='ltr'>Tlreodorelum</span> <span class='ocrx_word' id='word_1_145' title='bbox 1031 2006 1061 2057; x_wconf 93' lang='lat' dir='ltr'>et</span> <span class='ocrx_word' id='word_1_146' title='bbox 1079 1999 1115 2056; x_wconf 93' lang='lat' dir='ltr'>iis</span> <span class='ocrx_word' id='word_1_147' title='bbox 1130 1996 1251 2074; x_wconf 90' lang='lat' dir='ltr'>quidem</span> 
     </span>
     <span class='ocr_line' id='line_1_17' title="bbox 102 2100 1250 2183; baseline 0 -21"><span class='ocrx_word' id='word_1_148' title='bbox 102 2100 213 2181; x_wconf 90' lang='lat' dir='ltr'>quibus</span> <span class='ocrx_word' id='word_1_149' title='bbox 235 2105 345 2163; x_wconf 89' lang='lat' dir='ltr'>maiora</span> <span class='ocrx_word' id='word_1_150' title='bbox 368 2121 455 2180; x_wconf 88' lang='lat' dir='ltr'>quam</span> <span class='ocrx_word' id='word_1_151' title='bbox 479 2103 627 2164; x_wconf 87' lang='lat' dir='ltr'>Romanos</span> <span class='ocrx_word' id='word_1_152' title='bbox 656 2105 776 2181; x_wconf 81' lang='lat' dir='ltr'>exponit</span> <span class='ocrx_word' id='word_1_153' title='bbox 798 2102 865 2163; x_wconf 92' lang='lat' dir='ltr'>illos</span> <span class='ocrx_word' id='word_1_154' title='bbox 888 2105 1036 2183; x_wconf 87' lang='lat' dir='ltr'>ellecisse;</span> <span class='ocrx_word' id='word_1_155' title='bbox 1064 2102 1143 2163; x_wconf 92' lang='lat' dir='ltr'>unde</span> <span class='ocrx_word' id='word_1_156' title='bbox 1172 2102 1250 2162; x_wconf 91' lang='lat' dir='ltr'><strong>vide-</strong></span> 
     </span>
     <span class='ocr_line' id='line_1_18' title="bbox 103 2208 1250 2288; baseline -0.003 -18"><span class='ocrx_word' id='word_1_157' title='bbox 103 2220 154 2270; x_wconf 86' lang='lat' dir='ltr'>tur</span> <span class='ocrx_word' id='word_1_158' title='bbox 177 2227 242 2269; x_wconf 90' lang='lat' dir='ltr'><strong>esse</strong></span> <span class='ocrx_word' id='word_1_159' title='bbox 266 2208 462 2288; x_wconf 83' lang='lat' dir='ltr'>colligendum</span> <span class='ocrx_word' id='word_1_160' title='bbox 486 2228 556 2270; x_wconf 91' lang='lat' dir='ltr'>eum</span> <span class='ocrx_word' id='word_1_161' title='bbox 578 2209 625 2270; x_wconf 90' lang='lat' dir='ltr'>his</span> <span class='ocrx_word' id='word_1_162' title='bbox 649 2210 721 2269; x_wconf 91' lang='lat' dir='ltr'>loeis</span> <span class='ocrx_word' id='word_1_163' title='bbox 744 2212 956 2288; x_wconf 81' lang='lat' dir='ltr'><strong>perstrinxisse</strong></span> <span class='ocrx_word' id='word_1_164' title='bbox 980 2209 1137 2283; x_wconf 88' lang='lat' dir='ltr'>lulianum,</span> <span class='ocrx_word' id='word_1_165' title='bbox 1162 2227 1250 2288; x_wconf 90' lang='lat' dir='ltr'>quem</span> 
     </span>
     <span class='ocr_line' id='line_1_19' title="bbox 104 2296 1250 2395; baseline -0.001 -20"><span class='ocrx_word' id='word_1_166' title='bbox 104 2317 219 2375; x_wconf 87' lang='lat' dir='ltr'><strong>minimi</strong></span> <span class='ocrx_word' id='word_1_167' title='bbox 238 2296 304 2375; x_wconf 81' lang='lat' dir='ltr'><strong>sese</strong></span> <span class='ocrx_word' id='word_1_168' title='bbox 323 2318 478 2376; x_wconf 88' lang='lat' dir='ltr'>aestimare</span> <span class='ocrx_word' id='word_1_169' title='bbox 498 2316 681 2376; x_wconf 86' lang='lat' dir='ltr'>Christianos</span> <span class='ocrx_word' id='word_1_170' title='bbox 700 2334 735 2375; x_wconf 90' lang='lat' dir='ltr'>eo</span> <span class='ocrx_word' id='word_1_171' title='bbox 755 2315 920 2377; x_wconf 82' lang='lat' dir='ltr'><strong>ostendisse</strong></span> <span class='ocrx_word' id='word_1_172' title='bbox 941 2334 1026 2375; x_wconf 91' lang='lat' dir='ltr'>nemo</span> <span class='ocrx_word' id='word_1_173' title='bbox 1047 2319 1149 2395; x_wconf 88' lang='lat' dir='ltr'>nescit,</span> <span class='ocrx_word' id='word_1_174' title='bbox 1172 2315 1250 2394; x_wconf 87' lang='lat' dir='ltr'>quod</span> 
     </span>
     <span class='ocr_line' id='line_1_20' title="bbox 102 2421 1253 2509; baseline -0.002 -27"><span class='ocrx_word' id='word_1_175' title='bbox 102 2421 161 2482; x_wconf 90' lang='lat' dir='ltr'>alio</span> <span class='ocrx_word' id='word_1_176' title='bbox 175 2440 335 2500; x_wconf 89' lang='lat' dir='ltr'>numquam</span> <span class='ocrx_word' id='word_1_177' title='bbox 350 2440 402 2509; x_wconf 89' lang='lat' dir='ltr'>eos</span> <span class='ocrx_word' id='word_1_178' title='bbox 421 2425 539 2483; x_wconf 88' lang='lat' dir='ltr'>nomine</span> <span class='ocrx_word' id='word_1_179' title='bbox 555 2424 611 2483; x_wconf 91' lang='lat' dir='ltr'><strong>nisi</strong></span> <span class='ocrx_word' id='word_1_180' title='bbox 627 2422 822 2483; x_wconf 82' lang='lat' dir='ltr'>Galilaeorum</span> <span class='ocrx_word' id='word_1_181' title='bbox 838 2424 1025 2501; x_wconf 84' lang='lat' dir='ltr'>signiticaret.</span> <span class='ocrx_word' id='word_1_182' title='bbox 1058 2423 1253 2482; x_wconf 86' lang='lat' dir='ltr'>Inveniuntur</span> 
     </span>
     <span class='ocr_line' id='line_1_21' title="bbox 101 2526 1252 2611; baseline 0.001 -22"><span class='ocrx_word' id='word_1_183' title='bbox 101 2535 203 2589; x_wconf 78' lang='lat' dir='ltr'>autem</span> <span class='ocrx_word' id='word_1_184' title='bbox 218 2530 283 2588; x_wconf 89' lang='lat' dir='ltr'>eius</span> <span class='ocrx_word' id='word_1_185' title='bbox 297 2527 376 2588; x_wconf 87' lang='lat' dir='ltr'>modi</span> <span class='ocrx_word' id='word_1_186' title='bbox 390 2527 447 2588; x_wconf 85' lang='lat' dir='ltr'>loci</span> <span class='ocrx_word' id='word_1_187' title='bbox 461 2531 491 2588; x_wconf 88' lang='lat' dir='ltr'>in</span> <span class='ocrx_word' id='word_1_188' title='bbox 506 2528 685 2589; x_wconf 83' lang='lat' dir='ltr'>Theodoreti</span> <span class='ocrx_word' id='word_1_189' title='bbox 704 2528 788 2589; x_wconf 90' lang='lat' dir='ltr'>libris</span> <span class='ocrx_word' id='word_1_190' title='bbox 808 2538 882 2588; x_wconf 89' lang='lat' dir='ltr'>tres:</span> <span class='ocrx_word' id='word_1_191' title='bbox 902 2527 1020 2588; x_wconf 92' lang='lat' dir='ltr'>Primus</span> <span class='ocrx_word' id='word_1_192' title='bbox 1035 2548 1063 2608; x_wconf 91' lang='lat' dir='ltr'>p.</span> <span class='ocrx_word' id='word_1_193' title='bbox 1074 2526 1148 2611; x_wconf 79' lang='lat'><strong>337,</strong></span> <span class='ocrx_word' id='word_1_194' title='bbox 1162 2526 1203 2589; x_wconf 88' lang='grc'>10</span> <span class='ocrx_word' id='word_1_195' title='bbox 1213 2529 1252 2590; x_wconf 87' lang='lat' dir='ltr'>G:</span> 
     </span>
     <span class='ocr_line' id='line_1_22' title="bbox 102 2630 1253 2722; baseline -0.002 -25"><span class='ocrx_word' id='word_1_196' title='bbox 102 2632 229 2711; x_wconf 83' lang='grc' dir='ltr'>εὑρήςει</span> <span class='ocrx_word' id='word_1_197' title='bbox 257 2631 318 2709; x_wconf 88' lang='grc' dir='ltr'>γὰρ</span> <span class='ocrx_word' id='word_1_198' title='bbox 341 2633 417 2722; x_wconf 82' lang='grc' dir='ltr'>τοὺς</span> <span class='ocrx_word' id='word_1_199' title='bbox 441 2634 498 2711; x_wconf 81' lang='grc' dir='ltr'>μὲν</span> <span class='ocrx_word' id='word_1_200' title='bbox 529 2630 585 2716; x_wconf 86' lang='lat' dir='ltr'><strong>(se.</strong></span> <span class='ocrx_word' id='word_1_201' title='bbox 608 2632 770 2712; x_wconf 75' lang='grc' dir='ltr'>Ἑλλήνων</span> <span class='ocrx_word' id='word_1_202' title='bbox 798 2633 849 2695; x_wconf 87' lang='grc' dir='ltr'>καὶ</span> <span class='ocrx_word' id='word_1_203' title='bbox 870 2632 1037 2710; x_wconf 88' lang='grc' dir='ltr'>Ῥωμαίων</span> <span class='ocrx_word' id='word_1_204' title='bbox 1061 2631 1253 2716; x_wconf 78' lang='grc' dir='ltr'>νομοθέτας)</span> 
     </span>
     <span class='ocr_line' id='line_1_23' title="bbox 101 2737 1252 2817; baseline -0.003 -12"><span class='ocrx_word' id='word_1_205' title='bbox 101 2740 182 2805; x_wconf 79' lang='grc' dir='ltr'>οὐδὲ</span> <span class='ocrx_word' id='word_1_206' title='bbox 201 2740 276 2802; x_wconf 89' lang='grc' dir='ltr'>τοὺς</span> <span class='ocrx_word' id='word_1_207' title='bbox 295 2737 433 2817; x_wconf 88' lang='grc' dir='ltr'>ὁμόρους</span> <span class='ocrx_word' id='word_1_208' title='bbox 457 2739 627 2804; x_wconf 88' lang='grc' dir='ltr'>πείςαντας</span> <span class='ocrx_word' id='word_1_209' title='bbox 651 2738 731 2802; x_wconf 88' lang='grc' dir='ltr'>κατὰ</span> <span class='ocrx_word' id='word_1_210' title='bbox 754 2741 830 2802; x_wconf 87' lang='grc' dir='ltr'>τοὺς</span> <span class='ocrx_word' id='word_1_211' title='bbox 850 2742 941 2817; x_wconf 85' lang='grc' dir='ltr'>ςφιθν</span> <span class='ocrx_word' id='word_1_212' title='bbox 960 2739 1179 2804; x_wconf 87' lang='grc' dir='ltr'>πολιτεύεςθαι</span> <span class='ocrx_word' id='word_1_213' title='bbox 1198 2738 1252 2802; x_wconf 91' lang='grc' dir='ltr'>νό-</span> 
     </span>
     <span class='ocr_line' id='line_1_24' title="bbox 101 2845 1253 2927; baseline -0.003 -15"><span class='ocrx_word' id='word_1_214' title='bbox 101 2864 197 2927; x_wconf 88' lang='grc' dir='ltr'>μους·</span> <span class='ocrx_word' id='word_1_215' title='bbox 220 2847 294 2909; x_wconf 88' lang='grc' dir='ltr'>τοὺς</span> <span class='ocrx_word' id='word_1_216' title='bbox 313 2847 349 2910; x_wconf 76' lang='grc' dir='ltr'>δὲ</span> <span class='ocrx_word' id='word_1_217' title='bbox 370 2845 554 2910; x_wconf 90' lang='grc' dir='ltr'>Γαλιλαίους</span> <span class='ocrx_word' id='word_1_218' title='bbox 573 2846 612 2910; x_wconf 87' lang='grc' dir='ltr'>οὐ</span> <span class='ocrx_word' id='word_1_219' title='bbox 631 2845 732 2924; x_wconf 89' lang='grc' dir='ltr'>μόνον</span> <span class='ocrx_word' id='word_1_220' title='bbox 750 2846 926 2923; x_wconf 88' lang='grc' dir='ltr'>Ῥωμαίους</span> <span class='ocrx_word' id='word_1_221' title='bbox 945 2845 1145 2925; x_wconf 83' lang='grc' dir='ltr'>πεπεικότος,</span> <span class='ocrx_word' id='word_1_222' title='bbox 1169 2845 1253 2910; x_wconf 90' lang='grc' dir='ltr'>ἀλλὰ</span> 
     </span>
     <span class='ocr_line' id='line_1_25' title="bbox 101 2951 1253 3033; baseline -0.002 -14"><span class='ocrx_word' id='word_1_223' title='bbox 101 2955 157 3019; x_wconf 84' lang='grc' dir='ltr'>καὶ</span> <span class='ocrx_word' id='word_1_224' title='bbox 175 2951 303 3016; x_wconf 84' lang='grc' dir='ltr'>ἅπαντα</span> <span class='ocrx_word' id='word_1_225' title='bbox 321 2956 387 3016; x_wconf 84' lang='grc' dir='ltr'>τῶν</span> <span class='ocrx_word' id='word_1_226' title='bbox 407 2953 576 3033; x_wconf 87' lang='grc' dir='ltr'>βαρβάρων</span> <span class='ocrx_word' id='word_1_227' title='bbox 595 2954 634 3016; x_wconf 85' lang='grc' dir='ltr'>τὰ</span> <span class='ocrx_word' id='word_1_228' title='bbox 653 2956 742 3031; x_wconf 84' lang='grc' dir='ltr'>φῦλα</span> <span class='ocrx_word' id='word_1_229' title='bbox 760 2955 819 3031; x_wconf 87' lang='grc' dir='ltr'>τὴν</span> <span class='ocrx_word' id='word_1_230' title='bbox 838 2953 1046 3032; x_wconf 84' lang='grc' dir='ltr'>εὐαγγελικὴν</span> <span class='ocrx_word' id='word_1_231' title='bbox 1064 2953 1253 3032; x_wconf 91' lang='grc' dir='ltr'>νομοθεςίαν</span> 
     </span>
     <span class='ocr_line' id='line_1_26' title="bbox 100 3059 1253 3143; baseline -0.003 -18"><span class='ocrx_word' id='word_1_232' title='bbox 100 3060 307 3125; x_wconf 85' lang='grc' dir='ltr'>ἀςπάςαεθαι.</span> <span class='ocrx_word' id='word_1_233' title='bbox 343 3060 432 3123; x_wconf 86' lang='lat' dir='ltr'>Alter</span> <span class='ocrx_word' id='word_1_234' title='bbox 450 3082 477 3142; x_wconf 90' lang='lat' dir='ltr'>p.</span> <span class='ocrx_word' id='word_1_235' title='bbox 501 3059 576 3143; x_wconf 75' lang='lat'>352,</span> <span class='ocrx_word' id='word_1_236' title='bbox 591 3061 611 3124; x_wconf 88' lang='grc'><strong>6</strong></span> <span class='ocrx_word' id='word_1_237' title='bbox 627 3063 660 3143; x_wconf 83' lang='lat' dir='ltr'>G,</span> <span class='ocrx_word' id='word_1_238' title='bbox 684 3063 735 3122; x_wconf 90' lang='lat' dir='ltr'>ubi</span> <span class='ocrx_word' id='word_1_239' title='bbox 758 3063 795 3122; x_wconf 92' lang='lat' dir='ltr'>de</span> <span class='ocrx_word' id='word_1_240' title='bbox 814 3063 914 3123; x_wconf 89' lang='lat' dir='ltr'>Persis</span> <span class='ocrx_word' id='word_1_241' title='bbox 933 3066 1043 3141; x_wconf 84' lang='lat' dir='ltr'>agitur:</span> <span class='ocrx_word' id='word_1_242' title='bbox 1067 3061 1117 3123; x_wconf 91' lang='grc' dir='ltr'>καὶ</span> <span class='ocrx_word' id='word_1_243' title='bbox 1139 3060 1253 3124; x_wconf 87' lang='grc' dir='ltr'>τούςδε</span> 
     </span>
     <span class='ocr_line' id='line_1_27' title="bbox 100 3165 1253 3245; baseline -0.003 -14"><span class='ocrx_word' id='word_1_244' title='bbox 100 3168 182 3231; x_wconf 87' lang='grc' dir='ltr'>τοὺς</span> <span class='ocrx_word' id='word_1_245' title='bbox 209 3165 328 3244; x_wconf 89' lang='grc' dir='ltr'>νόμους</span> <span class='ocrx_word' id='word_1_246' title='bbox 355 3165 429 3244; x_wconf 85' lang='grc' dir='ltr'>παρ’</span> <span class='ocrx_word' id='word_1_247' title='bbox 457 3166 585 3245; x_wconf 83' lang='grc' dir='ltr'>ἀνδρῶν</span> <span class='ocrx_word' id='word_1_248' title='bbox 616 3167 791 3231; x_wconf 89' lang='grc' dir='ltr'>Γαλιλαίων</span> <span class='ocrx_word' id='word_1_249' title='bbox 821 3167 985 3232; x_wconf 82' lang='grc' dir='ltr'>ἐδέξαντο·</span> <span class='ocrx_word' id='word_1_250' title='bbox 1021 3166 1073 3230; x_wconf 90' lang='grc' dir='ltr'>καὶ</span> <span class='ocrx_word' id='word_1_251' title='bbox 1104 3168 1163 3244; x_wconf 88' lang='grc' dir='ltr'>τὴν</span> <span class='ocrx_word' id='word_1_252' title='bbox 1195 3165 1253 3242; x_wconf 77' lang='grc' dir='ltr'>μἐν</span> 
     </span>
     <span class='ocr_line' id='line_1_28' title="bbox 100 3270 1252 3356; baseline -0.005 -17"><span class='ocrx_word' id='word_1_253' title='bbox 100 3272 272 3351; x_wconf 88' lang='grc' dir='ltr'>Ῥωμαίων</span> <span class='ocrx_word' id='word_1_254' title='bbox 287 3273 473 3337; x_wconf 84' lang='grc' dir='ltr'>δυναςτείαν</span> <span class='ocrx_word' id='word_1_255' title='bbox 488 3273 546 3337; x_wconf 87' lang='grc' dir='ltr'>οὐκ</span> <span class='ocrx_word' id='word_1_256' title='bbox 560 3272 692 3350; x_wconf 86' lang='grc' dir='ltr'>έδειςαν,</span> <span class='ocrx_word' id='word_1_257' title='bbox 709 3279 746 3356; x_wconf 83' lang='grc' dir='ltr'>τῇ</span> <span class='ocrx_word' id='word_1_258' title='bbox 761 3275 795 3337; x_wconf 82' lang='grc' dir='ltr'>δὲ</span> <span class='ocrx_word' id='word_1_259' title='bbox 812 3278 870 3336; x_wconf 83' lang='grc' dir='ltr'>τοῦ</span> <span class='ocrx_word' id='word_1_260' title='bbox 885 3274 1122 3352; x_wconf 88' lang='grc' dir='ltr'>ςταυρωθέντος</span> <span class='ocrx_word' id='word_1_261' title='bbox 1136 3270 1252 3334; x_wconf 86' lang='grc' dir='ltr'>ὑπετά-</span> 
     </span>
     <span class='ocr_line' id='line_1_29' title="bbox 100 3379 1253 3462; baseline -0.002 -20"><span class='ocrx_word' id='word_1_262' title='bbox 100 3399 207 3458; x_wconf 87' lang='grc' dir='ltr'>γηςαν</span> <span class='ocrx_word' id='word_1_263' title='bbox 230 3379 377 3462; x_wconf 85' lang='grc' dir='ltr'>βαςιλείᾳ.</span> <span class='ocrx_word' id='word_1_264' title='bbox 418 3382 519 3443; x_wconf 90' lang='lat' dir='ltr'>Tertio</span> <span class='ocrx_word' id='word_1_265' title='bbox 547 3392 645 3442; x_wconf 91' lang='lat' dir='ltr'>autem</span> <span class='ocrx_word' id='word_1_266' title='bbox 672 3383 737 3442; x_wconf 90' lang='lat' dir='ltr'>loco</span> <span class='ocrx_word' id='word_1_267' title='bbox 761 3402 789 3462; x_wconf 88' lang='lat' dir='ltr'>p.</span> <span class='ocrx_word' id='word_1_268' title='bbox 804 3380 877 3462; x_wconf 76' lang='lat'>406,</span> <span class='ocrx_word' id='word_1_269' title='bbox 893 3380 913 3442; x_wconf 78' lang='lat'><em>2</em></span> <span class='ocrx_word' id='word_1_270' title='bbox 927 3382 966 3461; x_wconf 77' lang='lat' dir='ltr'>G,</span> <span class='ocrx_word' id='word_1_271' title='bbox 995 3381 1045 3442; x_wconf 91' lang='lat' dir='ltr'>ubi</span> <span class='ocrx_word' id='word_1_272' title='bbox 1075 3400 1142 3443; x_wconf 88' lang='lat' dir='ltr'>eum</span> <span class='ocrx_word' id='word_1_273' title='bbox 1172 3381 1253 3440; x_wconf 86' lang='lat' dir='ltr'>lalsis</span> 
     </span>
     <span class='ocr_line' id='line_1_30' title="bbox 101 3488 1254 3567; baseline -0.003 -17"><span class='ocrx_word' id='word_1_274' title='bbox 101 3491 288 3550; x_wconf 83' lang='lat' dir='ltr'>Graecorum</span> <span class='ocrx_word' id='word_1_275' title='bbox 311 3488 438 3549; x_wconf 87' lang='lat' dir='ltr'>oraculis</span> <span class='ocrx_word' id='word_1_276' title='bbox 460 3490 614 3549; x_wconf 88' lang='lat' dir='ltr'>verissima</span> <span class='ocrx_word' id='word_1_277' title='bbox 638 3498 668 3548; x_wconf 90' lang='lat' dir='ltr'>et</span> <span class='ocrx_word' id='word_1_278' title='bbox 691 3489 884 3549; x_wconf 83' lang='lat' dir='ltr'>saluberrima</span> <span class='ocrx_word' id='word_1_279' title='bbox 908 3498 1059 3567; x_wconf 86' lang='lat' dir='ltr'>comparat</span> <span class='ocrx_word' id='word_1_280' title='bbox 1077 3488 1254 3549; x_wconf 85' lang='lat' dir='ltr'>ludaeorum</span> 
     </span>
     <span class='ocr_line' id='line_1_31' title="bbox 104 3591 1254 3677; baseline -0.003 -19"><span class='ocrx_word' id='word_1_281' title='bbox 104 3606 141 3658; x_wconf 90' lang='lat' dir='ltr'>et</span> <span class='ocrx_word' id='word_1_282' title='bbox 159 3594 402 3677; x_wconf 84' lang='lat' dir='ltr'>Christianorum,</span> <span class='ocrx_word' id='word_1_283' title='bbox 425 3596 498 3656; x_wconf 88' lang='lat' dir='ltr'>haee</span> <span class='ocrx_word' id='word_1_284' title='bbox 522 3597 586 3655; x_wconf 91' lang='lat' dir='ltr'>eius</span> <span class='ocrx_word' id='word_1_285' title='bbox 610 3598 802 3657; x_wconf 86' lang='lat' dir='ltr'>inveniuntur</span> <span class='ocrx_word' id='word_1_286' title='bbox 826 3595 927 3655; x_wconf 87' lang='lat' dir='ltr'>verba:</span> <span class='ocrx_word' id='word_1_287' title='bbox 951 3594 1009 3670; x_wconf 91' lang='grc' dir='ltr'>τὴν</span> <span class='ocrx_word' id='word_1_288' title='bbox 1032 3592 1093 3669; x_wconf 83' lang='grc' dir='ltr'>γὰρ</span> <span class='ocrx_word' id='word_1_289' title='bbox 1117 3594 1155 3671; x_wconf 81' lang='grc' dir='ltr'>δὴ</span> <span class='ocrx_word' id='word_1_290' title='bbox 1180 3591 1254 3670; x_wconf 92' lang='grc' dir='ltr'>μίαν</span> 
     </span>
     <span class='ocr_line' id='line_1_32' title="bbox 101 3698 1254 3779; baseline 0 -16"><span class='ocrx_word' id='word_1_291' title='bbox 101 3703 175 3764; x_wconf 83' lang='grc' dir='ltr'>τῶν</span> <span class='ocrx_word' id='word_1_292' title='bbox 202 3698 391 3764; x_wconf 86' lang='grc' dir='ltr'>ἀποςτόλων</span> <span class='ocrx_word' id='word_1_293' title='bbox 419 3704 579 3777; x_wconf 83' lang='grc' dir='ltr'>γλῶτταν,</span> <span class='ocrx_word' id='word_1_294' title='bbox 609 3700 777 3764; x_wconf 89' lang='grc' dir='ltr'>Γαλιλαίαν</span> <span class='ocrx_word' id='word_1_295' title='bbox 801 3700 912 3779; x_wconf 82' lang='grc' dir='ltr'>οὗςαν,</span> <span class='ocrx_word' id='word_1_296' title='bbox 945 3699 990 3763; x_wconf 88' lang='grc' dir='ltr'>εἰς</span> <span class='ocrx_word' id='word_1_297' title='bbox 1016 3699 1073 3762; x_wconf 90' lang='grc' dir='ltr'>τὰς</span> <span class='ocrx_word' id='word_1_298' title='bbox 1101 3698 1254 3763; x_wconf 86' lang='grc' dir='ltr'>ἁπάντων</span> 
     </span>
     <span class='ocr_line' id='line_1_33' title="bbox 101 3805 1254 3889; baseline -0.002 -18"><span class='ocrx_word' id='word_1_299' title='bbox 101 3810 175 3871; x_wconf 85' lang='grc' dir='ltr'>τῶν</span> <span class='ocrx_word' id='word_1_300' title='bbox 203 3807 306 3889; x_wconf 83' lang='grc' dir='ltr'>ἐθνῶν</span> <span class='ocrx_word' id='word_1_301' title='bbox 334 3808 513 3885; x_wconf 89' lang='grc' dir='ltr'>κατεμέριςε</span> <span class='ocrx_word' id='word_1_302' title='bbox 542 3806 700 3883; x_wconf 85' lang='grc' dir='ltr'>γλώττας,</span> <span class='ocrx_word' id='word_1_303' title='bbox 728 3807 779 3869; x_wconf 87' lang='grc' dir='ltr'>καὶ</span> <span class='ocrx_word' id='word_1_304' title='bbox 808 3808 1046 3885; x_wconf 84' lang='grc' dir='ltr'>προςενήνοχεν</span> <span class='ocrx_word' id='word_1_305' title='bbox 1074 3805 1168 3870; x_wconf 87' lang='grc' dir='ltr'>ἅπαςι</span> <span class='ocrx_word' id='word_1_306' title='bbox 1197 3809 1254 3884; x_wconf 90' lang='grc' dir='ltr'>τὴν</span> 
     </span>
     <span class='ocr_line' id='line_1_34' title="bbox 103 3914 1254 3994; baseline -0.003 -16"><span class='ocrx_word' id='word_1_307' title='bbox 103 3915 263 3992; x_wconf 86' lang='grc' dir='ltr'>ςωτήριον</span> <span class='ocrx_word' id='word_1_308' title='bbox 291 3915 406 3992; x_wconf 84' lang='grc' dir='ltr'>κλῆςιν.</span> <span class='ocrx_word' id='word_1_309' title='bbox 444 3914 615 3976; x_wconf 85' lang='lat' dir='ltr'>Simillimus</span> <span class='ocrx_word' id='word_1_310' title='bbox 639 3918 727 3976; x_wconf 87' lang='lat' dir='ltr'>etiam</span> <span class='ocrx_word' id='word_1_311' title='bbox 750 3915 863 3976; x_wconf 88' lang='lat' dir='ltr'>iuliano</span> <span class='ocrx_word' id='word_1_312' title='bbox 892 3915 1116 3994; x_wconf 83' lang='lat' dir='ltr'>argumentandi</span> <span class='ocrx_word' id='word_1_313' title='bbox 1139 3917 1254 3975; x_wconf 85' lang='lat' dir='ltr'>ratione</span> 
     </span>
     <span class='ocr_line' id='line_1_35' title="bbox 104 4019 1254 4103; baseline -0.003 -19"><span class='ocrx_word' id='word_1_314' title='bbox 104 4030 158 4084; x_wconf 84' lang='lat' dir='ltr'>est</span> <span class='ocrx_word' id='word_1_315' title='bbox 180 4021 358 4085; x_wconf 85' lang='lat' dir='ltr'>Theodoreti</span> <span class='ocrx_word' id='word_1_316' title='bbox 381 4023 465 4083; x_wconf 89' lang='lat' dir='ltr'>loeus</span> <span class='ocrx_word' id='word_1_317' title='bbox 488 4042 516 4101; x_wconf 95' lang='lat' dir='ltr'>p.</span> <span class='ocrx_word' id='word_1_318' title='bbox 531 4019 596 4083; x_wconf 78' lang='lat'>362</span> <span class='ocrx_word' id='word_1_319' title='bbox 611 4023 643 4082; x_wconf 86' lang='lat' dir='ltr'>G.</span> <span class='ocrx_word' id='word_1_320' title='bbox 659 4041 736 4103; x_wconf 84' lang='lat' dir='ltr'><strong>sqq.‚</strong></span> <span class='ocrx_word' id='word_1_321' title='bbox 760 4021 810 4083; x_wconf 95' lang='lat' dir='ltr'>ubi</span> <span class='ocrx_word' id='word_1_322' title='bbox 835 4031 1043 4102; x_wconf 85' lang='lat' dir='ltr'>comparantur</span> <span class='ocrx_word' id='word_1_323' title='bbox 1067 4020 1254 4082; x_wconf 85' lang='lat' dir='ltr'>detestabiles</span> 
     </span>
     <span class='ocr_line' id='line_1_36' title="bbox 103 4127 1253 4210; baseline -0.003 -19"><span class='ocrx_word' id='word_1_324' title='bbox 103 4128 239 4191; x_wconf 86' lang='lat' dir='ltr'>Platonis</span> <span class='ocrx_word' id='word_1_325' title='bbox 270 4128 351 4210; x_wconf 83' lang='lat' dir='ltr'>leges</span> <span class='ocrx_word' id='word_1_326' title='bbox 379 4148 447 4190; x_wconf 78' lang='lat' dir='ltr'>curm</span> <span class='ocrx_word' id='word_1_327' title='bbox 475 4129 711 4190; x_wconf 83' lang='lat' dir='ltr'>Christianorum</span> <span class='ocrx_word' id='word_1_328' title='bbox 743 4132 887 4190; x_wconf 90' lang='lat' dir='ltr'>institutis</span> <span class='ocrx_word' id='word_1_329' title='bbox 920 4129 1111 4207; x_wconf 51' lang='lat' dir='ltr'>ammiratione</span> <span class='ocrx_word' id='word_1_330' title='bbox 1145 4127 1253 4206; x_wconf 82' lang='lat' dir='ltr'><strong>dignis-</strong></span> 
     </span>
     <span class='ocr_line' id='line_1_37' title="bbox 104 4233 1255 4314; baseline -0.002 -16"><span class='ocrx_word' id='word_1_331' title='bbox 104 4238 201 4298; x_wconf 87' lang='lat' dir='ltr'><strong>simis.</strong></span> <span class='ocrx_word' id='word_1_332' title='bbox 242 4235 281 4297; x_wconf 83' lang='lat' dir='ltr'>m</span> <span class='ocrx_word' id='word_1_333' title='bbox 304 4235 509 4297; x_wconf 85' lang='lat' dir='ltr'>Theodoretus</span> <span class='ocrx_word' id='word_1_334' title='bbox 533 4235 653 4314; x_wconf 84' lang='lat' dir='ltr'>quidem</span> <span class='ocrx_word' id='word_1_335' title='bbox 676 4237 771 4296; x_wconf 88' lang='lat' dir='ltr'>utitur</span> <span class='ocrx_word' id='word_1_336' title='bbox 799 4235 897 4295; x_wconf 91' lang='lat' dir='ltr'>verbis</span> <span class='ocrx_word' id='word_1_337' title='bbox 921 4233 956 4296; x_wconf 87' lang='grc' dir='ltr'>ἐκ</span> <span class='ocrx_word' id='word_1_338' title='bbox 979 4234 1187 4310; x_wconf 87' lang='grc' dir='ltr'>παραλλήλου</span> <span class='ocrx_word' id='word_1_339' title='bbox 1211 4253 1255 4296; x_wconf 90' lang='grc' dir='ltr'>τι·</span> 
     </span>
     <span class='ocr_line' id='line_1_38' title="bbox 104 4339 1254 4423; baseline -0.003 -18"><span class='ocrx_word' id='word_1_340' title='bbox 104 4342 207 4419; x_wconf 90' lang='grc' dir='ltr'>θέναι,</span> <span class='ocrx_word' id='word_1_341' title='bbox 235 4342 365 4404; x_wconf 89' lang='lat' dir='ltr'>lulianus</span> <span class='ocrx_word' id='word_1_342' title='bbox 393 4345 564 4423; x_wconf 87' lang='lat' dir='ltr'>saepissime</span> <span class='ocrx_word' id='word_1_343' title='bbox 589 4342 661 4403; x_wconf 84' lang='lat' dir='ltr'>dicit</span> <span class='ocrx_word' id='word_1_344' title='bbox 679 4339 906 4420; x_wconf 88' lang='grc' dir='ltr'>παραβάλλειν.</span> <span class='ocrx_word' id='word_1_345' title='bbox 942 4341 1037 4411; x_wconf 82' lang='lat' dir='ltr'>Quem</span> <span class='ocrx_word' id='word_1_346' title='bbox 1065 4343 1254 4421; x_wconf 84' lang='lat' dir='ltr'>comparandi</span> 
     </span>
     <span class='ocr_line' id='line_1_39' title="bbox 105 4448 1253 4532; baseline -0.003 -21"><span class='ocrx_word' id='word_1_347' title='bbox 105 4449 243 4532; x_wconf 87' lang='lat' dir='ltr'>modum,</span> <span class='ocrx_word' id='word_1_348' title='bbox 273 4468 362 4529; x_wconf 90' lang='lat' dir='ltr'>quem</span> <span class='ocrx_word' id='word_1_349' title='bbox 394 4468 460 4511; x_wconf 88' lang='lat' dir='ltr'><strong>sese</strong></span> <span class='ocrx_word' id='word_1_350' title='bbox 488 4448 690 4510; x_wconf 82' lang='lat' dir='ltr'>adhibiturum</span> <span class='ocrx_word' id='word_1_351' title='bbox 712 4467 779 4509; x_wconf 89' lang='lat' dir='ltr'><strong>esse</strong></span> <span class='ocrx_word' id='word_1_352' title='bbox 811 4449 965 4527; x_wconf 80' lang='lat' dir='ltr'>protessus</span> <span class='ocrx_word' id='word_1_353' title='bbox 993 4456 1039 4508; x_wconf 91' lang='lat' dir='ltr'>est</span> <span class='ocrx_word' id='word_1_354' title='bbox 1069 4449 1101 4508; x_wconf 91' lang='lat' dir='ltr'>in</span> <span class='ocrx_word' id='word_1_355' title='bbox 1130 4448 1253 4528; x_wconf 81' lang='lat' dir='ltr'>prologo</span> 
     </span>
    </p>
   </div>
   <div class='ocr_carea' id='block_1_3' title="bbox 0 0 1477 5040">
    <p class='ocr_par' dir='ltr' id='par_1_3' title="bbox 0 0 1477 5040">
     <span class='ocr_line' id='line_1_40' title="bbox 0 0 1477 5040; baseline 0 0"><span class='ocrx_word' id='word_1_356' title='bbox 0 0 1477 5040; x_wconf 95' lang='lat' dir='ltr'> </span> 
     </span>
    </p>
   </div>
  </div>
 </body>
</html>
