2926 5040
221 325 284 391 128
724 324 816 397 Caput
832 324 866 380 II.

219 495 309 555 Marci
338 495 423 556 haec:
461 492 552 556 Μετὰ
579 494 615 556 δὲ
643 494 681 556 τὸ
710 496 931 571 παραδοθῆναι
959 492 1018 556 τὸν
1046 489 1197 571 Ἰωάννην
1225 490 1366 572 ἦλθενὸ

218 595 333 676 Ἰηεοῦε
362 598 406 662 εἰ(
433 600 493 677 τὴν
517 598 699 677 Γαλιλαίαν,
728 599 890 677 κηρύττων
916 598 954 662 τὸ
983 597 1174 674 εὐαγγέλιον
1201 603 1261 663 τοῦ
1285 604 1367 677 θεοῦ,

219 703 268 768 ὅτι
295 707 501 784 πεπλήρωται
534 705 553 768 ὁ
585 708 693 785 καιρὸε
725 707 777 769 καὶ
806 707 937 784 ἤγγικεν
968 706 987 784 ἡ
1018 705 1157 784 βαειλεία
1186 710 1247 772 τοῦ
1280 711 1367 771 θεοῦ·

219 817 447 889 μετανοεῖτε
472 813 522 877 καὶ
545 813 707 877 πιετεῦετε
731 812 767 877 ἐν
790 817 836 895 τῷ
858 811 1044 894 εὐαγγελίῳ.
1085 813 1291 893 Interrogasse
1314 825 1368 876 sta-

220 930 270 981 tuo
289 921 437 982 Iulianum
456 923 527 1002 quid
547 941 652 984 causae
672 923 786 1002 suisset,
810 941 864 982 cur
882 920 1008 982 Iudaeos
1028 917 1073 983 εἰ(
1091 916 1265 996 μετάνοιαν
1289 942 1369 983 voca·

219 1037 265 1088 ret
288 1029 379 1090 lesus.
423 1029 481 1100 Qui
504 1033 592 1091 etiam
615 1029 713 1090 verbis
740 1030 829 1090 modo
853 1028 947 1090 allatis
971 1027 1192 1105 πεπλήρωται,
1216 1026 1370 1110 Inquit‚d

218 1130 336 1209 καιρόε.
377 1133 438 1194 Iam
466 1153 536 1195 vero
565 1137 681 1195 occasio
710 1134 776 1196 data
801 1142 864 1195 erat
887 1134 1000 1195 IulIano
1024 1133 1133 1195 Christi
1162 1134 1371 1210 calumniandi,

220 1241 297 1320 quod
318 1243 381 1320 Ipse
401 1241 458 1302 sibi
477 1252 665 1322 repugnaret.
701 1241 798 1312 Quem
817 1241 873 1302 alio
893 1241 958 1302 loco
978 1235 1094 1322 (Matth.
1109 1238 1161 1323 24,
1175 1238 1305 1322 3-25‚
1316 1236 1373 1326 13)

219 1347 368 1408 indicasse
396 1356 498 1428 postea
528 1351 730 1428 appariturum
759 1367 824 1409 esse
852 1348 981 1408 homInis
1009 1348 1101 1409 filium
1129 1367 1227 1428 neque
1256 1358 1372 1411 certum
1453 1364 1460 1372 ·

219 1473 285 1515 esse
307 1455 482 1515 adveniendi
502 1465 628 1535 tempus.
664 1455 765 1515 Matth.
785 1464 884 1516 autem
904 1452 955 1535 24,
974 1452 1073 1535 4sqq.
1110 1454 1195 1516 Iesus
1215 1465 1374 1516 enumerat

219 1579 269 1621 res
297 1580 360 1640 eas,
392 1581 408 1622 c
439 1561 548 1641 quihus
580 1563 664 1624 brevi
694 1581 759 1623 sese
788 1563 983 1623 adventurum
1012 1581 1078 1623 esse
1107 1563 1227 1623 efficere
1255 1563 1375 1641 possint

222 1666 367 1746 discipuli.
405 1663 621 1745 Ἐγερθήτεται
639 1667 710 1748 γὰρ,
732 1671 839 1750 inquit,
863 1665 956 1730 ἔθνοε
975 1664 1028 1730 ἐπ’
1046 1665 1140 1731 ἔθνοε
1159 1666 1211 1730 καὶ
1232 1667 1377 1746 βαειλεία

220 1771 272 1834 ἐπὶ
303 1772 461 1850 βαειλείαν
489 1774 539 1837 καὶ
567 1773 692 1838 ἔεονται
722 1775 806 1852 λιμοὶ
834 1774 885 1837 καὶ
913 1765 1028 1852 Ιεειτμοὶ
1057 1773 1137 1837 κατὰ
1163 1772 1287 1837 τόπου(
1311 1774 1377 1838 κτὲ.

220 1879 264 1939 Ad
284 1899 359 1959 quae
378 1863 530 1943 Iulianum*
543 1883 698 1944 adnotasse
714 1885 913 1962 comperimus
933 1902 968 1943 ex
987 1882 1144 1943 Theodoro
1159 1882 1376 1962 Mopsuesteno

221 1983 263 2070 (p.
280 1985 364 2068 18,3
384 1984 551 2070 Fritzsche)
571 1990 656 2050 haec:
679 1990 812 2050 τοιαῦτα
835 1986 988 2050 πολλάκι(
1012 1985 1142 2061 ἐγένετο
1166 1986 1376 2064 καὶγίνεται·

206 2073 271 2155 ’καὶ
290 2095 359 2155 πῶς
373 2097 474 2156 ταῦτα
490 2093 669 2157 ευντελείατ
684 2098 808 2171 εημεῖα;
841 2094 946 2155 Finem
961 2102 1060 2155 antem
1074 2097 1221 2156 sermonis
1236 2099 1285 2157 sui
1304 2097 1378 2158 fecit
1443 2136 1448 2145 -

220 2202 303 2262 Iesus
323 2212 440 2264 narrata
459 2203 597 2282 parabola
620 2203 723 2263 iliade
745 2202 847 2263 decem
871 2200 1044 2282 virginibus,
1067 2220 1143 2281 quae
1162 2220 1223 2262 non
1242 2203 1377 2264 animad-

226 2318 375 2370 verterant
402 2313 504 2390 sponsi
528 2310 694 2371 adventum.
736 2305 941 2390 Matth.25,1
963 2327 1026 2387 sqq.
1069 2307 1165 2388 Atque
1193 2311 1285 2370 etiarn
1311 2329 1378 2370 eam

219 2419 250 2476 in
284 2435 405 2477 examen
440 2435 559 2477 vocasse
592 2415 738 2477 Iulianum
770 2416 916 2478 efficimus
949 2433 985 2474 ex
1018 2414 1183 2493 fragmento
1212 2413 1318 2494 Cyrilli
1342 2412 1378 2478 8:

220 2517 348 2598 ἄρκτον
371 2522 422 2584 καὶ
446 2521 549 2599 εοφὸν
569 2519 650 2585 εἶναί
673 2539 726 2598 μοι
749 2523 837 2584 δοκεῖ
859 2522 918 2582 τοῦ
937 2522 1048 2595 καιροῦ
1071 2521 1130 2581 τοῦ
1153 2521 1378 2599 προεήκοντοε

220 2628 259 2705 μὴ
284 2625 526 2705 ἀφαμαρτάνειν
555 2625 741 2705 πράγμαειν.
783 2629 864 2699 Quae
894 2646 953 2688 non
981 2635 1094 2687 temere
1122 2645 1178 2688 nos
1206 2633 1377 2692 coniecisse

221 2739 309 2796 etiam
325 2755 359 2796 eo
373 2736 526 2819 probatur,
546 2737 624 2816 quod
639 2736 675 2796 ad
689 2735 828 2797 Matthaei
847 2735 936 2795 verba
957 2752 1031 2813 quac
1047 2742 1216 2813 sequuntur
1234 2744 1377 2816 spectare

220 2842 358 2904 videntur
381 2843 434 2903 alia
459 2845 622 2923 fragmenta
646 2844 714 2926 duo,
737 2863 812 2923 quae
832 2863 867 2903 cx
887 2842 949 2902 XII.
971 2841 1071 2920 Gyrilli
1094 2841 1170 2903 Iibro
1190 2842 1279 2904 nohis
1304 2855 1379 2906 sunt

219 2959 342 3011 servata.
380 2949 421 3011 De
446 2951 554 3029 quibus
578 2971 657 3012 nunc
681 2951 827 3030 agendum
852 2951 945 3011 nobis.

779 3144 808 3208 5.

308 3271 352 3332 Ex
367 3272 467 3352 Cyrilli
485 3273 659 3351 fragmentis
674 3269 702 3333 9.
718 3282 748 3333 et
765 3270 813 3333 10.
834 3272 950 3332 videtur
970 3289 1035 3332 esse
1050 3270 1250 3351 colligendum
1265 3290 1375 3333 censu·

219 3397 282 3439 ram
308 3381 403 3457 egisse
428 3377 574 3439 Iulianum
596 3377 752 3458 parabolae
775 3377 855 3438 Illius
879 3397 893 3438 a
917 3378 1064 3439 Matthaeo
1084 3373 1136 3460 25,
1152 3375 1193 3439 13
1208 3397 1274 3458 sqq.
1298 3379 1375 3440 reia·

219 3495 280 3567 tae,
309 3504 365 3564 qua
396 3487 493 3564 agitur
522 3484 557 3546 de
587 3484 712 3545 diversis
739 3487 879 3565 praemiis
907 3487 944 3545 iis
972 3485 1061 3565 datis,
1089 3486 1141 3563 qui
1163 3486 1253 3545 variis
1277 3485 1376 3547 modis

220 3595 267 3654 usi
292 3601 376 3653 erant
400 3591 517 3653 talentis
541 3595 613 3672 Ipsis
633 3593 762 3653 creditis.
800 3592 990 3653 Talentorum
1010 3600 1109 3653 autem
1129 3593 1242 3652 mentio
1266 3593 1299 3653 iit
1319 3591 1374 3672 Cy·

219 3700 278 3760 riIIi
300 3700 465 3779 fragmento
484 3697 536 3761 28.
556 3719 592 3759 ex
610 3699 686 3760 libro
705 3698 776 3759 XVI.
799 3699 913 3760 hausto.
951 3697 1061 3759 Verum
1080 3699 1231 3758 enimvero
1251 3717 1287 3759 eo
1307 3698 1375 3760 Ioco

220 3807 317 3867 obiIer
344 3808 384 3866 ita
407 3824 512 3866 corum
535 3809 716 3867 mentionem
740 3807 823 3887 tieri,
851 3815 884 3866 ut
912 3805 1038 3884 exempli
1068 3806 1161 3884 gratIa
1188 3803 1274 3865 allata
1306 3825 1374 3867 esse

222 3914 386 3992 videantur,
410 3912 631 3974 demonstratur
655 3914 756 3974 Iuturo
780 3921 913 3992 tempore
937 3911 1184 3988 πληροφορήεει.

781 4104 809 4168 6.

309 4232 369 4293 Iam
398 4252 467 4294 vero
496 4250 564 4293 cum
593 4250 628 4292 ex
659 4233 695 4291 iis
719 4249 794 4310 quae
816 4251 851 4291 ex
875 4227 937 4291 XII.
960 4227 1036 4291 XIII.
1060 4227 1133 4291 XIV.
1157 4231 1258 4311 CyriIIi
1286 4233 1375 4296 libris

222 4351 335 4402 servata
369 4351 439 4403 sum
474 4342 644 4420 fragmentis
681 4340 806 4400 refutata
838 4342 875 4399 iis
907 4358 973 4399 esse
1011 4341 1156 4400 efficiatur
1189 4338 1238 4423 iIIa
1265 4340 1375 4403 luIiani

222 4446 319 4528 verba,
342 4447 450 4526 quihus
474 4456 589 4508 servato
613 4465 715 4507 rerum
737 4447 840 4507 ordine
864 4455 1041 4507 tractaverat
1063 4464 1137 4525 quas
1161 4464 1210 4507 res
1234 4445 1376 4511 Christus
