2926 5040
224 353 289 420 130
626 364 631 373 ‘
720 352 811 426 Caput
828 354 862 413 H.

221 520 328 600 sciptor
359 541 456 601 neque
488 524 597 584 iterare
630 518 649 584 ὁ
681 519 831 600 διάβολος
864 524 928 583 eins
960 538 1079 601 quoque
1109 521 1188 600 quod
1221 512 1366 583 antecedit
1393 565 1398 577 .

222 632 367 690 enuntiati
385 628 561 690 subiectum.
591 623 624 712 7)
648 629 702 690 Th.
721 630 757 691 M.
780 623 829 707 15,
851 626 892 690 14
906 646 970 707 sqq.
990 629 1119 709 exponit,
1137 646 1174 688 cx
1193 628 1293 689 verbis
1311 625 1365 690 οὐκ

221 733 415 812 excerperet
437 733 548 811 κύριον
570 732 724 798 τὸνθεόν
743 754 799 798 (ου
817 737 938 796 minime
958 737 1043 815 sequi
1065 734 1215 797 diabolum
1237 744 1364 797 tentasse

222 843 320 924 deum,
343 843 395 905 sed
417 843 574 905 hominem.
611 842 690 923 Ergo
710 829 920 904 miratus'erat
938 841 1069 903 lulianus
1087 841 1197 904 diaboli
1219 844 1364 903 temerita-

219 959 281 1012 tem
303 953 334 1012 in
358 953 553 1012 tentationem
571 952 702 1012 vocantis
724 949 821 1010 deum.
858 948 921 1011 Alia
944 949 1000 1010 luit
1019 947 1124 1010 loliani
1142 948 1309 1031 admiratio,
1330 948 1364 1008 de

220 1047 278 1138 qua
300 1061 397 1138 primo
415 1058 481 1119 loco
501 1061 624 1139 egimus,
647 1056 699 1118 ubi
718 1075 777 1116 non
797 1055 905 1116 diaboli
924 1057 1121 1116 temeritatem
1141 1057 1365 1135 vituperaverat,

220 1164 272 1225 sed
291 1164 451 1225 daemones
470 1164 550 1243 qnod
569 1164 624 1224 alia
644 1165 776 1224 lecerant
795 1171 883 1242 atque
897 1165 1032 1243 ipsorum
1046 1156 1194 1243 princeps.
1226 1156 1262 1246 8)
1277 1162 1367 1243 Negat

219 1269 273 1331 Th.
291 1270 328 1332 M.
352 1268 406 1353 16,
420 1268 441 1332 3
457 1248 520 1350 sqq.
558 1271 709 1332 Christum
737 1268 835 1330 verbis
864 1267 974 1344 κύριον
1001 1252 1060 1330 τὸν
1090 1265 1166 1332 θεόν
1189 1287 1246 1331 coo
1274 1287 1367 1345 προ(-

219 1376 361 1454 κυνήεειε
388 1375 439 1439 καὶ
476 1374 564 1458 αὐτῷ
602 1374 691 1458 μόνῳ
727 1373 908 1452 turpentur
938 1378 1067 1437 vetuisse
1087 1395 1181 1438 suam
1213 1379 1308 1456 ipsius
1341 1386 1370 1437 et

219 1485 342 1563 spiritus
362 1485 457 1544 sancti
475 1484 686 1546 adorationem.
724 1483 803 1563 Ergo
823 1485 953 1544 vetuisse
972 1501 1041 1544 eum
1058 1491 1217 1545 censuerat
1230 1481 1370 1564 lulianus,

219 1591 249 1651 id
269 1591 347 1670 quod
372 1593 469 1670 magni
488 1593 552 1652 sine
571 1590 662 1652 dubio
682 1599 728 1651 est
749 1592 899 1654 momenti.
937 1589 1023 1650 Aliud
1043 1592 1122 1651 enim
1142 1589 1227 1650 Celso
1251 1590 1371 1673 placuit,

219 1700 271 1776 qui
299 1697 335 1758 ab
362 1700 427 1777 ipso
456 1696 522 1757 lesu
556 1696 691 1757 fraudem
720 1714 785 1757 esse
813 1697 978 1776 prolectam
1010 1699 1180 1758 autumavit.
1222 1696 1266 1758 ct
1290 1696 1371 1778 Orig.

218 1822 243 1865 c.
267 1802 341 1864 Cels.
364 1803 392 1864 11
413 1802 439 1866 1.
460 1808 488 1865 1.

779 1909 807 1972 7.

306 2035 408 2116 Neque
428 2038 526 2097 minus
548 2035 606 2096 hoc
629 2036 694 2096 loco
717 2035 889 2116 ponendum
908 2054 974 2096 esse
993 2035 1071 2096 aliud
1090 2034 1197 2117 Iuliani
1219 2037 1371 2115 fragmen·

216 2151 280 2202 tum
308 2161 325 2202 a
352 2142 509 2203 Theodoro
536 2141 746 2222 Mopsuesteno
775 2151 924 2203 servatum
953 2161 988 2203 eo
1022 2143 1257 2225 demonstratur,
1290 2144 1372 2222 quod

216 2257 402 2328 compertum
421 2248 565 2310 habemus
584 2249 620 2309 de
641 2249 743 2309 eadem
762 2267 796 2309 re
811 2247 953 2329 Cyrillum
973 2250 1069 2327 egisse
1087 2247 1165 2308 libro
1184 2248 1373 2311 duodecimo.

216 2354 258 2415 Gi.
266 2354 457 2417 undecimum
465 2355 565 2435 Cyrilli
573 2358 771 2435 fragmentum
779 2348 1373 2438 (Mansiseouccoll.Xl.p.409llsqq.).

215 2461 411 2524 Inveniuntur
433 2473 533 2525 autem
556 2455 661 2525 luliani
686 2462 775 2523 verba
804 2463 881 2542 apud
909 2462 963 2524 Th.
986 2461 1023 2523 M.
1047 2482 1075 2543 p.
1097 2460 1153 2544 16,
1168 2460 1187 2524 8
1202 2497 1240 2507 -
1255 2461 1314 2545 16,
1332 2463 1372 2525 17

215 2566 376 2650 Fritzsche,
399 2569 507 2649 quibus
532 2570 567 2630 dc
590 2571 762 2650 precatione
786 2571 897 2650 agitur,
923 2588 1012 2649 quam
1034 2569 1119 2630 lesus
1147 2569 1218 2631 lecit
1241 2588 1278 2630 eo
1305 2570 1372 2632 loco

216 2676 265 2735 cui
288 2694 396 2736 nomen
420 2686 467 2737 est
490 2674 678 2754 l'eecqpcvei
701 2671 817 2760 (Matth.
833 2673 885 2758 26,
901 2669 1057 2759 36-46).

774 2835 804 2899 8.

304 2960 393 3021 Libro
413 2961 588 3023 duodecimo
612 2970 663 3023 aut
681 2964 770 3023 tertio
789 2961 904 3022 decimo
928 2978 1052 3022 necesse
1071 2968 1118 3022 est
1137 2960 1265 3041 Cyrillus
1289 2962 1373 3024 idem

183 3049 186 3055 ¹
215 3065 383 3129 detenderit
396 3067 502 3130 iuliani
516 3071 639 3151 crimen,
657 3069 735 3149 quod
749 3067 933 3148 propulsavit
947 3066 1121 3128 Theodorus
1135 3066 1380 3148 Mopsuestenus.

214 3193 241 3253 p.
260 3172 309 3254 18,
326 3173 365 3235 lt
377 3194 440 3255 sqq.
463 3176 511 3237 Fr.
549 3177 641 3237 Citius
664 3194 680 3236 e
705 3175 804 3236 verbis
828 3174 884 3235 hoc
904 3174 1103 3254 intellegimus
1120 3173 1269 3238 lulianum
1292 3179 1371 3239 vitu·

213 3300 334 3360 perasse
358 3281 466 3365 lesum,
489 3282 568 3363 quod
592 3280 742 3358 ἐπαχθεῖ(
766 3280 847 3357 πρὸ(
869 3278 1017 3359 Ἡρώδην
1039 3278 1137 3344 οὐδὲν
1160 3279 1291 3358 ἐποίηεε
1316 3301 1371 3360 cq-

214 3384 348 3471 petov1).
385 3388 467 3450 ldcm
490 3392 604 3451 crimen
626 3387 775 3450 inlesum
797 3388 966 3450 intenderat
987 3387 1183 3468 philosophus
1201 3406 1373 3469 anonymus

213 3513 230 3555 a
252 3493 380 3556 Macerio
403 3495 538 3576 Magnete
562 3502 697 3557 servatus
714 3494 755 3555 111
776 3494 793 3556 1
814 3514 842 3574 p.
857 3491 908 3557 52.

593 3782 624 3840 a
648 3781 756 3858 cyrios
777 3782 856 3842 locro
879 3781 973 3842 Xirr.

771 3918 801 3983 9.

302 4043 452 4105 Certiores
472 4064 526 4106 nos
545 4047 659 4107 iaciunt
677 4045 765 4106 verba
786 4054 905 4107 catenae
929 4048 960 4106 in
979 4046 1169 4127 apocalypsin
1187 4066 1203 4107 a
1223 4047 1370 4110 Cramero

213 4150 308 4212 editae
333 4145 405 4234 (vol.
428 4151 500 4213 VIM.
524 4173 552 4233 p.
571 4150 651 4233 287,
668 4151 688 4215 6
705 4172 768 4233 sqq.
792 4154 829 4214 cl.
850 4153 914 4234 Cyr.
936 4155 974 4233 lg.
997 4146 1054 4237 11)
1082 4156 1113 4213 in
1137 4152 1371 4217 subditiciorum

285 4307 310 4374 1)
326 4292 467 4362 Theodori
481 4306 567 4361 verba
580 4325 607 4376 p.
624 4312 667 4376 18,
683 4312 729 4361 1⁷:
755 4308 854 4374 Ἰηεοῦ(
869 4309 899 4361 δέ
914 4309 1041 4374 ἐπαχθεὶε
1053 4309 1124 4376 πρὸ(
1138 4309 1267 4376 Ἡρώδην
1282 4311 1370 4365 οὐδὲν

211 4392 321 4460 tecture
334 4401 453 4463 εημέιον,
472 4394 570 4463 καίπερ
586 4393 692 4449 ἐκείνου
708 4396 909 4462 ἐπιθυμοῦντος
927 4396 994 4451 ἰδεῖν
1013 4399 1030 4465 ἢ
1051 4395 1165 4451 &sovrei
1182 4414 1210 4451 τι
1224 4398 1370 4468 λέγοντος,

211 4483 306 4548 ἐπειδὴ
325 4485 384 4551 ᾖδει
404 4485 442 4536 oc
461 4485 512 4536 οὐκ
531 4485 775 4552 εὐεργετηθὴεεται
794 4487 849 4538 κτὲ.
