2926 5040
207 326 269 390 154
696 326 788 396 Caput
806 327 852 381 lll.

205 491 365 552 dolendum
385 499 431 552 est
454 491 639 553 llertlenium
659 496 862 573 quaestionem
881 510 940 554 non
964 494 1134 574 absolvisse,
1157 512 1225 554 cum
1249 493 1355 554 luliani

204 598 348 659 librorum
382 598 542 659 editionem
577 610 695 679 pararet
729 619 781 661 sua
813 601 898 661 laude
935 618 994 661 non
1027 601 1207 681 privandam.
1261 601 1354 662 Recte

206 708 287 766 enim
319 705 436 766 videtur
468 706 540 765 mibi
576 706 714 767 Allredns
746 707 899 768 Eberhard
938 703 1094 788 (Bursians
1130 707 1355 769 Jabresberiobt

204 811 227 869 V
254 811 270 872 1
295 832 322 891 p.
347 805 426 894 203)
450 812 620 875 adnotasse:
644 810 726 874 ‘Wes
745 815 801 875 den
821 813 926 875 Hiatus
944 814 1068 895 betrilst,
1087 815 1204 875 scheint
1219 815 1352 876 Hertlein

206 919 288 979 nicht
311 917 527 979 abscblielsend
553 919 688 999 Stellung
711 940 888 1000 genommen
911 940 947 982 zu
971 916 1088 982 beben'

294 1025 335 1113 Ac
365 1045 402 1086 ne
434 1025 506 1085 mibi
536 1027 656 1105 quidem
687 1027 723 1087 de
756 1027 894 1089 omnibus
926 1028 1031 1088 luliani
1059 1030 1179 1108 seriptis
1207 1028 1352 1107 agendum

200 1125 261 1213 est,
284 1151 352 1193 cum
376 1151 427 1193 eos
452 1141 566 1194 tantum
590 1133 683 1194 libros
702 1135 809 1195 edendi
831 1135 988 1196 consilium
1012 1138 1152 1215 ceperim,
1175 1138 1228 1215 qui
1251 1144 1353 1196 eontra

206 1238 388 1300 Christianos
429 1243 533 1321 scripti
570 1250 648 1302 sunt.
705 1242 778 1301 Nam
813 1243 851 1302 de
886 1242 1010 1322 singulis
1041 1242 1125 1302 libris
1163 1245 1352 1321 quaestiones

205 1346 403 1406 instituendas
423 1367 488 1408 esse
513 1349 581 1408 inde
601 1349 738 1429 efficitur,
761 1350 840 1428 quod
864 1350 937 1409 alios
956 1348 1135 1429 diligentim,
1159 1349 1232 1410 alios
1257 1349 1352 1429 negle·
1440 1384 1441 1389 κ

205 1455 323 1530 gentius
356 1456 536 1533 compositos
567 1472 633 1514 esse
669 1462 793 1515 constat.
846 1454 941 1534 Atque
972 1454 1002 1514 id
1030 1455 1151 1534 quidem
1183 1473 1238 1534 pro
1272 1463 1353 1516 certo

207 1557 356 1618 adfirmari
378 1559 447 1620 licet
471 1561 616 1622 lulianum
639 1563 668 1621 in
693 1560 776 1621 libris
800 1569 902 1621 contre
922 1560 1105 1622 Christianos
1129 1562 1354 1625 conscribendis

207 1664 319 1726 hiatum
349 1669 458 1727 evitare
487 1668 624 1729 voluisse.
670 1669 848 1748 Saepissime
876 1670 955 1728 enim
983 1667 1139 1729 miraberis
1167 1671 1355 1730 artificiosam

207 1771 365 1833 verborum
396 1774 633 1855 collocationem,
662 1776 720 1835 nisi
748 1775 992 1835 animadverteris
1016 1778 1171 1836 immutato
1195 1775 1354 1836 verborum

206 1878 310 1939 ordine
339 1881 542 1944 foedissimum
570 1882 715 1943 vocalium
743 1901 923 1944 concursum
952 1885 1032 1943 oriri.
1078 1881 1121 1942 lta
1149 1903 1177 1963 p.
1201 1880 1286 1944 4213
1316 1885 1354 1944 le-

206 1992 318 2063 guntur
342 1989 430 2048 verba
453 1991 540 2052 haec:
576 1986 653 2052 ὅθεν
680 1987 755 2065 ἡμῖν
782 1987 850 2065 ἥκει
879 1988 929 2050 καὶ
957 1985 1047 2050 ὅπως
1075 1985 1186 2050 ἔννοια
1214 1991 1296 2051 θεοῦ
1320 1987 1357 2052 τὸ

207 2094 349 2169 πρῶτον;
383 2096 435 2157 ubi
458 2116 546 2158 voces
569 2095 621 2158 καὶ
648 2093 738 2157 ὅπως
771 2105 801 2157 et
831 2092 908 2158 ὅθεν
935 2097 1101 2156 interiectis
1130 2095 1254 2156 vocibus
1282 2094 1355 2172 ἡμῖν

206 2198 274 2276 ἥκει
298 2205 454 2282 separandi
478 2221 566 2264 causa
591 2221 649 2262 non
673 2211 746 2284 erat,
769 2205 826 2263 nisi
851 2203 929 2281 quod
954 2203 1088 2263 loturum
1105 2203 1171 2283 luit,
1195 2214 1229 2264 ut
1244 2212 1357 2266 mutato

207 2308 366 2370 verborum
380 2310 485 2371 ordine
499 2310 617 2370 litterae
631 2328 660 2371 ει
674 2317 705 2369 et
724 2327 739 2370 ε
761 2318 977 2370 concurrerent
996 2304 1087 2390 (ὅθεν
1106 2306 1158 2369 καὶ
1175 2306 1267 2371 ὅπως
1281 2309 1354 2387 ἡμῖν

207 2412 287 2489 ἥκει
302 2410 436 2476 ἔννοια
450 2409 552 2496 θεοῦ).
581 2415 684 2495 Neque
700 2418 798 2475 minus
813 2414 1106 2475 animadvertendum
1120 2422 1167 2475 est
1189 2434 1356 2496 perpaucos

207 2530 323 2581 exstare
337 2522 435 2582 hiatus
449 2525 480 2582 in
494 2525 588 2601 ipsius
602 2522 707 2582 luliani
722 2520 829 2601 verbis,
851 2523 882 2581 in
901 2521 1025 2580 eliorum
1050 2520 1086 2580 ab
1111 2539 1146 2581 eo
1170 2521 1266 2582 allatis
1289 2541 1354 2602 per-

208 2628 324 2688 multos.
348 2628 441 2699 Quem
457 2646 521 2689 rem
535 2632 575 2689 ite
590 2647 621 2689 se
636 2628 745 2688 babere
760 2646 796 2687 ex
811 2628 985 2706 fragmentis
999 2629 1075 2686 inira
1090 2630 1248 2689 recensitis
1264 2647 1356 2690 nnus-

208 2735 336 2812 quisque
351 2734 523 2813 intellegere
537 2744 643 2814 potest.
676 2735 753 2795 'lum
766 2734 900 2795 hietuum
915 2752 1058 2795 numerus
1072 2734 1150 2794 haud
1170 2736 1360 2814 spernendus

206 2848 376 2901 removetur·
391 2840 526 2901 codicum
542 2842 586 2902 vel
603 2844 842 2902 testimoniorum
858 2843 1024 2920 scripturis.
1057 2841 1099 2900 lta
1117 2837 1212 2902 135n
1228 2836 1355 2904 ἀξιοῦτε

206 2946 286 3023 ἡμᾶς
296 2943 453 3007 πιττεύειν
463 2941 504 3007 V:
519 2943 644 3009 ἀξιοῦτε
660 2945 817 3008 πιττεύειν
831 2945 912 3022 ἡμᾶτ
923 2945 968 3018 Μ;
987 2943 1050 3008 135
1061 2946 1085 3006 Ι)
1097 2945 1154 3008 τὰ(
1169 2946 1359 3010 διαλέκτου(

206 3051 314 3115 αὐτῶν
343 3051 480 3133 τυγχέῃ
509 3051 563 3115 ἔτι
587 3050 628 3115 V:
660 3051 767 3114 αὐτῶν
795 3051 920 3128 (υγχέει
948 3050 1005 3113 τὰ(
1028 3052 1213 3115 διαλέκτου(
1237 3050 1285 3115 ἔτι
1309 3055 1357 3129 Μ;

211 3156 317 3221 lbbl)
348 3177 396 3221 cor
427 3155 507 3221 εἶναι
538 3159 686 3236 φαίνεται
718 3156 759 3220 V:
794 3155 875 3221 εἶναί
908 3177 955 3221 τοι
984 3156 1132 3235 φαίνεται
1161 3159 1206 3234 Μ;
1248 3159 1359 3223 16οΕ

206 3263 371 3329 ἀπέκτεινε
396 3263 514 3348 αἰτχρῷ
537 3264 579 3328 V:
618 3265 804 3330 ἀπέκτεινεν
834 3264 952 3347 αἰτχρῷ
984 3265 1028 3339 Μ;
1067 3264 1177 3328 305Β
1204 3265 1362 3344 ῥημάτων

206 3372 331 3436 ἐκείνου
374 3372 571 3436 ἐπακούτατε
609 3371 650 3436 V:
693 3372 817 3435 ἐκείνου
859 3369 1009 3450 ῥημάτων
1045 3370 1277 3456 ἐπακούτατεῑ)
1318 3374 1364 3439 Μ.

206 3482 308 3560 Neque
329 3481 544 3560 neglegendum
561 3490 607 3542 est
620 3482 770 3561 plerisque
785 3481 858 3540 locis
874 3475 909 3561 (4
924 3480 960 3539 de
976 3473 1011 3561 ὃ)
1028 3483 1175 3540 removeri
1188 3481 1305 3544 hiatum
1322 3503 1360 3545 eo

206 3588 365 3649 verborum
380 3588 493 3667 ordine,
514 3590 565 3666 qui
579 3590 610 3647 in
625 3587 726 3648 codice
743 3586 774 3649 Μ
790 3589 953 3666 invenitur3
977 3596 1065 3666 etque
1081 3604 1150 3646 eum
1165 3587 1287 3666 quidem
1304 3610 1363 3653 cur

205 3697 252 3756 bis
276 3697 348 3775 ipsis
372 3697 407 3779 in
428 3693 517 3754 rebus
541 3713 626 3754 veres
644 3695 820 3773 plerumque
841 3695 1005 3772 scripturas
1024 3711 1158 3753 servasse
1182 3701 1362 3781 statuerem,

207 3821 296 3883 supra
320 3822 347 3882 p.
375 3797 437 3862 152
462 3803 593 3879 exposui.
639 3801 742 3880 Neque
767 3803 865 3860 minus
889 3802 1030 3860 memoria
1049 3800 1156 3879 dignus
1180 3810 1227 3862 est
1250 3803 1361 3866 lulieni

206 3910 288 3971 locus
303 3929 331 3989 p.
346 3905 390 3968 94
404 3907 437 3988 Α,
461 3909 512 3986 qui
526 3910 566 3967 ita
581 3906 723 3967 scribitur
737 3910 768 3967 iu
783 3907 885 3968 codice
901 3904 946 3967 M:
970 3903 997 3967 εἰ
1012 3905 1052 3982 μὴ
1068 3908 1165 3982 poooc
1180 3903 1238 3984 εἴη
1254 3905 1362 3984 ἔχων

278 4192 303 4258 1)
323 4137 456 4257 pqddrurv
475 4147 581 4241 ἐκεὶατοο
602 4188 642 4254 Μ;
662 4185 711 4240 sed
729 4183 794 4238 vide
814 4201 898 4254 supra
916 4178 979 4238 adn.
1000 4190 1024 4237 1.
1066 4185 1165 4254 Neque
1187 4203 1255 4241 vero
1283 4189 1361 4259 quis·

206 4296 290 4347 quem
309 4276 456 4332 librarium
478 4277 572 4332 hictus
590 4274 716 4331 evitandi
739 4273 894 4328 studiosum
914 4273 1061 4328 verborum
1086 4273 1213 4328 ordinem
1233 4279 1362 4335 mutasse

205 4367 336 4422 censebit.
374 4367 441 4432 Quis
467 4365 540 4420 enim
566 4368 632 4420 ante
655 4363 835 4418 Benselerum
863 4364 1037 4432 compertum
1060 4361 1186 4418 hebetet
1204 4364 1361 4436 scriptores

205 4457 339 4528 quosdam
359 4456 492 4511 cretionis
510 4455 648 4527 pedestris
666 4452 806 4508 vocalium
826 4469 989 4508 concursum
1008 4468 1064 4506 non
1082 4451 1248 4508 admisisse?
