2926 5040
190 336 253 400 1⁴20
689 336 779 406 capua
798 336 831 392 ιι.

189 501 240 564 διά
263 522 312 565 τοι
337 501 374 565 τὸ
399 502 474 580 μήτε
499 502 592 565 θεοὺε
615 500 796 579 προείεεθαι
816 500 968 583 πολλούε,
992 502 1069 580 μήτε
1093 503 1153 580 μὴν
1178 501 1236 565 ἕνα
1260 501 1342 564 κατὰ

187 608 245 671 τὸν
274 607 387 686 νόμον,
415 612 501 686 τρεῑε
529 627 565 684 γε
595 609 655 686 μὴν
683 606 757 671 ἀνθ’
784 607 858 671 ἑνὸε
886 606 1069 684 ὁμολογεῖν.
1113 611 1175 671 lam
1202 630 1275 672 vero
1303 611 1342 672 ad

188 719 278 777 finem
301 717 444 796 perducta
466 726 514 785 est
536 717 573 777 de
598 718 743 777 sacrificio
767 717 940 796 placationis
964 717 1132 796 disputatio.

277 824 400 895 Quaerit
418 842 508 904 porro
515 817 541 906 ¹)
560 825 691 885 lulianus
709 844 745 885 ex
760 825 944 907 Christianis,
962 845 1018 887 cur
1036 844 1095 886 non
1110 827 1229 888 easdem
1249 835 1343 907 atque

189 931 290 992 ludaei
318 931 399 1010 leges
423 931 582 992 observent
605 931 641 991 de
665 931 800 992 ciborum
829 951 894 993 usu.
932 932 1011 1003 Quas
1039 932 1118 1011 qnod
1142 934 1345 1018 deseruerint,

190 1059 249 1100 non
277 1057 365 1119 posse
396 1057 448 1098 eos
476 1037 595 1098 delendi
623 1039 706 1099 Petri
734 1039 782 1098 illa
809 1041 935 1121 visione3
962 1041 1001 1119 lg.
1021 1037 1198 1121 314quq.
1234 1041 1345 1122 Neque
1453 1050 1455 1054 “

189 1165 258 1207 vero
282 1145 453 1225 accipienda
483 1164 562 1226 esse,
591 1164 666 1223 quae
695 1147 731 1206 rle
759 1165 834 1206 nova
862 1146 961 1208 dicant
988 1146 1052 1226 lege
1077 1151 1149 1227 ipsis
1173 1148 1253 1230 data,
1282 1168 1345 1228 qua
1404 1141 1413 1159 ⁸

188 1256 271 1333 prior
300 1254 338 1312 sit
372 1251 488 1312 abolita.
531 1251 746 1331 Sempiternam
776 1254 855 1313 enim
884 1272 950 1314 esse
977 1254 1090 1314 lllosem
1117 1255 1247 1316 voluisse
1276 1273 1346 1315 eam

189 1379 277 1440 quam
301 1363 363 1439 ipse
384 1358 485 1420 tulerit
508 1359 617 1439 legem3
641 1367 744 1421 contra
768 1368 856 1439 atque
875 1359 950 1421 Mosi
973 1361 1091 1440 placere
1113 1360 1214 1422 Paulo.
1253 1361 1346 1441 Quod

190 1471 215 1529 si
244 1486 303 1526 non
336 1466 520 1546 postularent
553 1466 651 1546 legum
678 1466 873 1528 Mosaicarum
904 1466 1155 1550 observationem,
1186 1468 1216 1530 id
1251 1487 1346 1548 agere

190 1575 375 1635 Christianos
394 1582 427 1634 ut
446 1592 534 1652 quarn
558 1573 702 1652 plurimos
725 1572 761 1632 ad
781 1576 1025 1652 superstitionem
1048 1593 1133 1635 suam
1154 1574 1347 1654 pellicerent.

190 1682 315 1742 Exstant
338 1689 436 1741 autem
460 1679 532 1740 haec
551 1679 656 1741 luliani
674 1679 763 1740 verba
781 1700 809 1759 p.
825 1677 924 1741 3191}
939 1700 1003 1760 sqq.
1041 1682 1174 1753 Quorum
1194 1681 1349 1760 quaedam

191 1807 256 1849 sese
280 1789 415 1848 omisisse
439 1788 502 1866 ipse
523 1786 649 1866 Cyrillus
672 1787 812 1847 indicavit
830 1807 858 1866 p.
874 1785 987 1849 31913:
1007 1788 1130 1866 χρήεειε
1154 1787 1189 1848 δὲ
1213 1785 1349 1849 τούτοιε

191 1892 402 1970 ἑπιειορεύεα(
422 1891 531 1970 ἑτέρα(
550 1890 682 1954 αἰώνιόν
706 1912 740 1954 τε
760 1890 860 1968 νόμον
880 1892 931 1955 διὰ
950 1896 1060 1956 παεῶν
1080 1891 1239 1957 ἐπιδείξαε
1258 1891 1348 1958 ὠνο-

191 2001 349 2079 μαεμένον
372 2035 408 2044 -
432 2003 544 2077 χρῆναι
562 1998 623 2075 γὰρ
643 1996 729 2077 οἶμαι
748 1999 945 2076 μακροτέρα(
964 1999 1021 2063 τὸν
1041 1998 1141 2076 λόγον
1158 1998 1349 2066 ἀπαλλάξαι

191 2105 343 2185 περιόδου
372 2143 415 2152 -
445 2106 591 2185 ἐπιφέρει
624 2104 729 2168 πάλιν.
777 2107 889 2168 Omisit>
916 2110 1007 2187 igitur
1041 2108 1197 2169 nonnullos
1232 2113 1350 2172 veteris

192 2219 361 2277 testamenti
383 2216 479 2297 locos,
508 2214 616 2295 quibus
645 2234 785 2293 umquam
813 2214 925 2276 aboleri
952 2215 1106 2276 vetabatur
1134 2215 1180 2277 lex
1203 2215 1350 2279 Mosaica.

191 2325 306 2384 Rursus
330 2325 477 2402 inalpiunt
500 2324 615 2400 integra
639 2321 743 2382 Iuliani
771 2320 859 2381 verba
883 2341 910 2401 p.
926 2318 1025 2382 32οΑ
1049 2321 1182 2384 πολλῶν
1206 2319 1254 2384 ἔτι
1278 2342 1349 2386 τοι·

192 2429 298 2492 ούπων
321 2426 626 2505 παραλελειμμένων
645 2425 706 2489 κτὲ.
748 2427 851 2506 Neque
871 2446 940 2487 vero
960 2427 1019 2488 ulla
1038 2429 1166 2490 efficitur
1189 2437 1349 2492 structura

192 2540 423 2618 enuntiatorum,
447 2538 472 2595 si
493 2554 560 2596 eum
580 2537 630 2614 qui
654 2534 765 2614 ubique
790 2537 940 2596 invenitur
963 2537 1093 2596 retinere
1117 2537 1162 2596 vis
1184 2539 1347 2618 interpun-

192 2645 280 2725 gendi
299 2644 428 2704 modum.
462 2642 553 2703 Colon
573 2645 650 2703 enim
671 2650 717 2702 est
736 2642 916 2723 ponendum,
935 2661 994 2703 non
1014 2661 1137 2724 comma,
1155 2645 1235 2704 inter
1254 2664 1349 2708 voces

193 2747 419 2832 παρῃτηεάμην
443 2757 473 2809 et
496 2746 592 2824 ὑμεῑε.
631 2748 724 2809 Verba
750 2757 848 2809 antem
873 2750 1006 2811 πολλῶν
1029 2745 1075 2810 ἔτι
1098 2747 1256 2812 τοιούτων
1282 2751 1347 2815 κτὲ.

193 2858 335 2937 reliquiae
355 2866 425 2917 sunt
444 2858 508 2917 eius
528 2859 681 2937 cumulati,
701 2859 786 2917 cuius
804 2859 888 2936 prior
906 2875 976 2936 pars
995 2876 1010 2916 a
1026 2856 1134 2935 Cyrillo
1154 2866 1200 2918 est
1219 2861 1348 2941 omissa;

195 2984 252 3045 qna
276 2964 332 3025 tale
357 2962 427 3043 quid
451 2982 573 3024 necesse
597 2973 643 3024 est
666 2965 757 3024 luerit
781 2982 969 3042 expressum:
992 2959 1102 3024 ἱκανὰ(
1125 2963 1161 3024 δὲ
1185 2966 1274 3026 δοκῶ
1294 2984 1349 3043 μοι

194 3071 317 3149 χρήεειε
334 3069 394 3148 ἤδη
410 3073 661 3147 παρατεθεῑεθαι.
691 3070 840 3130 Extremis
855 3079 954 3131 autern
968 3056 1057 3131 buius
1073 3072 1230 3150 fragmenti
1243 3073 1349 3135 verbis

194 3179 280 3238 modo
301 3180 425 3258 exposui
440 3196 558 3238 causam
574 3179 731 3257 contineri,
749 3196 806 3256 qua
821 3180 949 3257 pennoti
962 3177 1121 3238 Mosaicam
1134 3177 1229 3258 legem
1244 3180 1348 3259 negle-

194 3289 306 3347 xissent
326 3285 494 3346 Christiani.
533 3285 613 3356 Quae
634 3287 729 3364 excipi
755 3287 874 3344 minime
894 3295 1020 3364 possunt
1039 3287 1082 3345 eis
1100 3285 1206 3346 Iuliani
1224 3286 1262 3347 de
1281 3287 1350 3348 Elia
1453 3330 1459 3340 .

194 3393 306 3473 verbis,
330 3411 405 3471 quae
430 3399 567 3470 excerpta
591 3390 716 3470 protulit
740 3391 866 3470 Cyrillus
888 3411 916 3470 p.
931 3389 1064 3452 324co.
1102 3392 1220 3472 Optime
1244 3381 1371 3456 autem=

195 3501 384 3578 excipiuntur
404 3498 501 3558 verbis
520 3518 548 3577 p.
559 3495 654 3559 324n
673 3479 877 3574 διαμέμνὴται
897 3496 1047 3577 binaque
1067 3499 1103 3558 ad
1123 3496 1221 3561 325l
1241 3518 1349 3576 παρα-

196 3605 323 3668 λύεεθαι
347 3602 455 3680 νόμον,
480 3605 588 3684 quibus
608 3605 677 3684 quid
702 3607 759 3684 ipsi
783 3605 908 3684 apostoli
930 3604 966 3665 de
991 3604 1173 3667 observanda
1195 3607 1262 3684 lege
1284 3607 1348 3667 llo-

196 3717 272 3775 saica
296 3715 466 3773 censuerint
486 3713 667 3792 explanatur.
700 3712 774 3773 Dein
793 3733 820 3792 p.
836 3708 933 3773 3250
957 3710 1173 3775 καταεκώπτει
1191 3711 1226 3774 δὲ
1248 3732 1349 3792 usque

196 3820 231 3881 ad
255 3819 335 3881 ποτὲ
359 3818 395 3879 δὲ
418 3821 486 3880 roi(
510 3815 670 3880 Ἰουδαίων
693 3821 868 3899 perstringit
888 3819 970 3879 Petri
992 3821 1228 3881 inconstantiam.
1268 3819 1350 3881 Sunt

197 3937 296 3989 autem
315 3946 349 3987 ea
369 3945 443 4006 quae
459 3937 488 3988 et
504 3947 532 4006 p.
548 3925 644 3987 talu
663 3935 694 3987 et
707 3947 735 4006 p.
751 3922 816 3987 325
834 3928 1027 3987 inveniuntur
1041 3945 1057 3986 a
1072 3926 1180 4006 Cyrillo
1195 3935 1349 4006 excerpta.

287 4035 342 4094 Ubi
366 4043 463 4095 autem
488 4034 524 4094 de
549 4033 749 4112 apostolorum
774 4036 834 4112 egit
858 4036 1027 4114 sententiis,
1056 4033 1239 4112 digressione
1268 4036 1350 4096 iacta

199 4160 235 4202 ne
259 4144 288 4201 in
314 4158 417 4201 eorum
441 4140 560 4218 quidem
585 4140 719 4200 doctrina
748 4158 923 4218 permanere
948 4142 1084 4218 queritur
1107 4139 1238 4200 lulianus
1263 4141 1350 4203 Chri·

272 4387 297 4453 1)
317 4384 378 4453 Cyr.
394 4384 489 4438 3140:
509 4385 527 4437 ἃ
546 4385 576 4437 δέ
590 4400 621 4449 γε
635 4383 705 4449 πρὸ(
722 4388 780 4434 roi<
794 4384 848 4448 ἤδη
863 4383 996 4449 φθάεαειν
1015 4382 1131 4449 ἐγκαλεῖ,
1150 4383 1262 4439 τούτων
1277 4384 1351 4441 εἰκό-

198 4490 256 4528 τωε
274 4474 495 4541 διαμεμνὴεομαι.
527 4476 593 4541 φηεί
611 4474 664 4539 γὰρ
683 4471 764 4525 πάλιν
783 4471 827 4525 ἑπί
844 4472 962 4527 τούτοιε.
