2926 5040
489 317 532 376 De
550 315 653 376 Iuliani
672 315 749 376 libris
768 315 956 377 restituendis.
1236 315 1302 384 115

152 488 284 567 fugerint
307 487 476 549 Christiani.
519 489 615 569 Atque
638 489 694 549 hoc
718 488 839 568 qtridem
861 488 927 549 loco
951 507 965 547 a
994 489 1145 568 proposita
1168 489 1302 549 oratione

152 594 305 673 digressus
323 595 473 655 invehitur
491 594 623 655 lulianus
647 597 677 655 in
697 594 897 677 Christianos,
921 593 999 673 quod
1019 593 1173 655 hirudines
1197 596 1303 654 imitati

152 720 188 762 ex
208 701 389 763 Graecorum
414 711 444 762 ct
463 685 639 763 ludaeorum
658 701 804 762 doctrinis
827 704 858 762 in
882 721 969 764 usum
989 720 1076 763 snum
1101 704 1304 762 converterint

151 811 304 889 pessimas.
342 809 436 880 Quam
461 809 677 888 digressionem
697 828 757 869 non
780 818 893 870 temere
918 829 933 870 a
958 809 1043 870 nohis
1067 811 1166 891 statui,
1189 808 1242 869 sed
1266 808 1302 868 ab

152 918 217 997 ipso
240 916 353 977 luliano
378 936 443 977 esse
466 917 630 997 profectam
653 916 857 977 demonstrant
880 918 945 977 eius
968 916 1070 997 verba,
1094 916 1145 977 uhi
1167 917 1245 977 redit
1267 915 1302 976 ad

151 1025 338 1103 propositum
361 1043 389 1104 p.
405 1020 502 1085 2091]
530 1019 614 1085 ἀλλὰ
636 1024 734 1085 roirro
758 1022 815 1099 μὲν
839 1020 897 1085 οὐκ
920 1018 982 1084 oib'
1004 1018 1081 1084 ὅθεν
1104 1018 1210 1097 ὥοπερ
1234 1020 1302 1082 ἐπι-

152 1127 331 1206 πνεόμενοε
359 1126 578 1208 ἐφθεγξάμην,
611 1125 688 1192 ὅθεν
716 1129 752 1191 δὲ
781 1127 905 1206 ἐξέβην,
934 1125 983 1190 ὅτι
1015 1126 1096 1204 πρὸ(
1124 1127 1200 1190 τοὺ(
1228 1123 1302 1190 ’loo-

151 1234 271 1299 boiooc
287 1233 525 1315 ηὐτομολήτατε
549 1234 611 1298 κτὲ.
648 1237 709 1297 lam
729 1238 893 1317 quaeritur,
916 1254 991 1315 quae
1011 1236 1102 1296 fuerit
1124 1236 1302 1315 fragmento-

151 1363 219 1405 rum
243 1346 348 1405 series.
386 1343 500 1404 Dixerit
525 1352 624 1405 autem
644 1345 790 1424 quispiam
810 1343 934 1404 dubium
954 1361 1098 1403 essenon
1122 1361 1210 1422 posse
1230 1346 1302 1422 quin

150 1458 219 1530 post
247 1451 444 1530 fragmentum
469 1447 568 1511 20113
588 1469 631 1530 sq.
660 1451 831 1531 ponendum
861 1453 900 1511 sit
927 1450 965 1529 fg.
986 1447 1088 1511 2051«)
1104 1469 1181 1532 sqq.;
1209 1452 1303 1530 ipsius

151 1560 230 1618 enim
245 1564 362 1618 exstare
378 1556 479 1637 Cyrilli
492 1557 581 1619 rerba
596 1578 624 1638 p.
635 1554 736 1619 2051«)
756 1553 952 1633 προτεπάγει
967 1555 1002 1617 δὲ
1021 1555 1147 1619 τούτοιε
1167 1553 1186 1617 ὁ
1202 1554 1303 1634 coph(

152 1659 323 1725 Ἰουλιονόε
347 1661 441 1740 ἕτερα
460 1660 539 1725 ἄττα
558 1662 620 1726 κτὲ.
658 1665 774 1736 Quibus
794 1685 826 1726 re
848 1683 917 1725 vera
936 1665 1015 1725 effici
1037 1666 1108 1744 poni
1132 1683 1191 1725 non
1214 1681 1303 1743 posse

152 1773 188 1850 fg.
204 1767 309 1832 205u
334 1780 401 1832 ante
430 1771 467 1850 fg.
489 1769 588 1832 notu
617 1773 737 1833 minime
762 1791 850 1853 neg03
884 1771 936 1831 sed
969 1770 1073 1831 lacuna
1104 1771 1183 1832 nulla
1211 1774 1302 1833 inter-

151 1880 246 1957 posita
270 1880 429 1939 coniuncta
446 1879 544 1939 'fuisse
568 1879 625 1957 fgg.
641 1875 740 1938 201Ε
765 1887 795 1939 et
818 1875 918 1940 205ss
941 1878 1123 1959 persuadere
1147 1879 1219 1938 mihi
1243 1898 1303 1940 non

151 2003 281 2064 possum.
318 1983 425 2064 lncipit
449 1993 546 2044 autem
575 1986 615 2044 ita
639 1985 677 2064 fg.
697 1981 811 2047 205E:
840 1982 970 2059 ἁγνεία(
994 1984 1052 2062 μὲν
1080 1983 1156 2046 οὐδὲ
1185 1983 1246 2061 γὰρ
1275 1983 1303 2048 εἰ

151 2088 322 2167 πεποίηται
341 2091 464 2168 μνήμην
483 2088 657 2153 ἐπίεταεθε.
690 2092 764 2163 Quis
783 2101 882 2153 autem
902 2093 1046 2174 fueritis,
1065 2092 1101 2152 de
1121 2111 1181 2170 quo
1200 2101 1302 2153 utrum

152 2200 336 2259 mentionem
356 2199 462 2258 fecerit
480 2200 692 2259 sanctimoniae
711 2198 902 2260 dubitabatur
921 2217 1025 2280 necne,
1044 2201 1165 2259 minime
1185 2197 1303 2260 dicitnr.

153 2304 255 2365 Solum
290 2314 389 2365 autem
420 2304 530 2365 Christi
562 2305 687 2366 verbum
715 2325 781 2366 esse
813 2325 902 2386 posse
934 2306 1023 2367 huius
1056 2307 1202 2367 enuntiati
1233 2306 1302 2368 sub-

151 2413 262 2472 iectum
276 2430 362 2472 nemo
384 2411 510 2491 negabit.
548 2412 634 2483 Quod
654 2412 792 2474 facillime
808 2433 842 2474 ex
863 2416 899 2474 iis
915 2432 990 2493 quae
1005 2412 1185 2473 antecedunt
1203 2422 1302 2493 potest

152 2519 294 2600 suppleri,
318 2521 344 2580 si
366 2538 400 2579 ea
423 2519 461 2579 dc
481 2518 589 2598 quibos
609 2519 696 2579 modo
715 2522 830 2598 egimus
848 2519 954 2580 iuliani
976 2519 1066 2580 rerba
1088 2521 1185 2601 posita
1209 2521 1301 2582 fuisse

151 2629 311 2688 statuimus
324 2627 404 2686 inter
418 2625 475 2705 fgg.
487 2623 551 2687 201
567 2635 597 2687 et
608 2622 712 2707 205u,
726 2645 761 2687 ea
771 2625 886 2687 scilicet
895 2625 1009 2703 loliani,
1023 2646 1098 2707 quae
1113 2646 1141 2706 p.
1154 2623 1248 2687 1911)
1259 2646 1302 2707 sq.

152 2740 211 2795 non
240 2752 295 2794 sno
322 2731 388 2792 loco
415 2734 617 2794 inveniuntur.
664 2732 750 2804 Quod
779 2735 804 2793 si
837 2733 909 2794 mihi
937 2734 1126 2816 conceditur,
1156 2736 1245 2795 etiam
1273 2734 1302 2794 id

153 2839 318 2919 lucramur,
341 2839 419 2919 quod
444 2857 524 2900 nunc
546 2839 781 2901 Christianorum
806 2842 1025 2902 accusationem
1045 2843 1148 2921 incipit
1171 2840 1302 2903 hilianus

151 2945 289 3011 aChristi
299 2947 524 3026 vituperatione,
539 2965 629 3026 quem
641 2946 714 3006 nihil
728 2946 807 3007 aliud
817 2948 925 3008 fecisse
935 2948 1008 3009 dicit
1018 2950 1159 3009 memoria
1171 2949 1302 3031 dignum,

150 3055 209 3115 nisi
223 3052 304 3133 qpod
319 3055 449 3132 aegrotis
463 3053 634 3115 hominibus
649 3054 813 3115 medicatus
828 3063 907 3116 esset
921 3058 1032 3134 paucis.
1059 3055 1162 3135 ltaque
1178 3074 1211 3116 ea
1227 3074 1302 3134 qnae

153 3160 289 3221 Christus
320 3160 431 3221 fecerat
464 3163 575 3241 optimc
610 3181 690 3223 nunc
720 3171 912 3242 opponuntur
940 3162 1030 3223 rebus
1063 3162 1100 3223 ah
1128 3162 1302 3241 Aesculapio

151 3267 303 3347 praeclare
331 3269 438 3349 gestis,
465 3268 501 3328 de
530 3267 640 3347 quibus
663 3276 764 3347 egerat
790 3269 922 3329 lulianus
945 3269 1111 3347 fragmento
1135 3266 1234 3329 root
1249 3288 1302 3351 sq.,

152 3392 168 3434 a
193 3391 251 3453 quo
281 3375 438 3434 transierat
466 3373 501 3433 ad
525 3373 702 3436 ludaeorum
727 3386 757 3436 et
780 3374 1016 3436 Christianorum
1046 3378 1301 3455 vituperationem.

153 3480 256 3541 Restat
278 3488 378 3540 autem
397 3479 554 3541 difficultas
578 3483 608 3540 in
632 3483 805 3562 fragmentis
824 3482 1047 3564 coniungendis,
1071 3484 1128 3542 nisi
1151 3483 1182 3542 in
1197 3482 1302 3543 loliani

154 3586 250 3648 verbis
273 3606 301 3667 p.
316 3583 414 3647 20513
439 3588 572 3663 ζηλοῦτε
597 3587 632 3649 δὲ
657 3586 764 3651 αὐτῶν
782 3588 858 3651 τοὺ(
882 3586 1000 3664 θυμοὺς
1019 3588 1126 3649 scribis
1149 3585 1301 3651 ἰουδαὶων

153 3712 208 3775 pro
223 3691 338 3754 οὐτὼν.
376 3694 417 3754 Αο
436 3694 575 3755 traditam
594 3698 773 3776 scripturam
788 3716 824 3757 ne
845 3705 908 3757 tum
923 3695 1043 3774 quidem
1064 3697 1136 3757 ferri
1154 3716 1252 3779 posse,
1276 3709 1302 3766 si

152 3804 190 3882 ig.
207 3797 309 3862 2051«)
329 3804 470 3862 contiuno
490 3805 574 3882 sequi
595 3822 717 3864 censeas
736 3805 935 3883 fragmentum
953 3801 1016 3864 201
1029 3801 1062 3883 E,
1081 3803 1149 3864 inde
1169 3813 1301 3883 apparet,

152 3909 231 3988 quod
255 3907 423 3969 subiectum
446 3928 549 3970 eorum
574 3928 649 3987 qnae
677 3911 857 3971 antecedunt
884 3910 1043 3972 verborum
1073 3908 1101 3972 εἰ
1129 3907 1299 3986 πεποίηται

152 4014 276 4091 μνήμην
303 4013 425 4076 dubium
454 4034 514 4075 non
542 4024 588 4076 est
616 4017 688 4095 quin
717 4019 755 4077 sit
778 4016 922 4078 Christus.
960 4017 1021 4077 lam
1050 4035 1118 4076 vero
1146 4016 1181 4076 ad
1210 4018 1299 4076 finem

151 4120 296 4201 perducta
319 4119 502 4200 digressione
527 4122 562 4182 ad
590 4125 778 4202 propositum
807 4124 884 4184 redit
907 4122 1038 4184 lulianus
1063 4123 1100 4202 fg.
1120 4119 1220 4183 2091)
1235 4142 1299 4203 sqq.

151 4220 303 4308 Transit¹)
337 4236 434 4288 autem
474 4228 520 4289 ad.
547 4231 804 4309 perstringendam
837 4230 1014 4291 ludaeorum
1046 4249 1109 4290 rem
1143 4230 1299 4310 publicam.

224 4367 250 4431 1)
270 4361 332 4431 Cpr.
351 4363 435 4418 2090
459 4344 596 4432 neprrcrdc
619 4367 649 4418 δὲ
667 4365 749 4419 πάλιν
772 4366 823 4420 τὰ(
845 4368 911 4419 καθ’
933 4369 1014 4433 ἡμῶν
1036 4366 1176 4434 λοιδορία(
1199 4368 1242 4421 ἐπὶ
1265 4368 1299 4420 τὸ

150 4453 229 4523 αὐτῷ
248 4454 351 4505 δοκοῦν
369 4454 445 4509 οὕτω
464 4453 555 4520 ccciv.

1049 4544 1086 4599 8*
