<?xml version="1.0" encoding="UTF-8"?>
<!DOCTYPE html PUBLIC "-//W3C//DTD XHTML 1.0 Transitional//EN"
    "http://www.w3.org/TR/xhtml1/DTD/xhtml1-transitional.dtd">
<html xmlns="http://www.w3.org/1999/xhtml" xml:lang="en" lang="en">
 <head>
  <title>
</title>
<meta http-equiv="Content-Type" content="text/html;charset=utf-8" />
  <meta name='ocr-system' content='tesseract 3.04.00' />
  <meta name='ocr-capabilities' content='ocr_page ocr_carea ocr_par ocr_line ocrx_word'/>
</head>
<body>
  <div class='ocr_page' id='page_1' title='image "./iulianiimperato00neumgoog_0111.png"; bbox 0 0 2926 5040; ppageno 0'>
   <div class='ocr_carea' id='block_1_1' title="bbox 220 298 868 413">
    <p class='ocr_par' dir='ltr' id='par_1_1' title="bbox 220 298 868 413">
     <span class='ocr_line' id='line_1_1' title="bbox 220 298 868 413; baseline -0.012 -7"><span class='ocrx_word' id='word_1_1' title='bbox 220 340 263 406; x_wconf 85' lang='lat'><strong>98</strong></span> <span class='ocrx_word' id='word_1_2' title='bbox 549 314 553 320; x_wconf 72' lang='grc'><strong><em>’</em></strong></span> <span class='ocrx_word' id='word_1_3' title='bbox 614 298 617 303; x_wconf 31' lang='lat'><strong><em>⁴</em></strong></span> <span class='ocrx_word' id='word_1_4' title='bbox 726 342 817 413; x_wconf 75' lang='lat' dir='ltr'><strong>eaput</strong></span> <span class='ocrx_word' id='word_1_5' title='bbox 835 342 868 398; x_wconf 90' lang='lat' dir='ltr'><strong>u.</strong></span> 
     </span>
    </p>
   </div>
   <div class='ocr_carea' id='block_1_2' title="bbox 220 500 1374 804">
    <p class='ocr_par' dir='ltr' id='par_1_2' title="bbox 220 500 1374 804">
     <span class='ocr_line' id='line_1_2' title="bbox 220 500 1373 608; baseline -0.005 -36"><span class='ocrx_word' id='word_1_6' title='bbox 220 507 389 572; x_wconf 68' lang='grc' dir='ltr'>Ἰουλιανὸς</span> <span class='ocrx_word' id='word_1_7' title='bbox 409 508 427 572; x_wconf 86' lang='grc' dir='ltr'>ὁ</span> <span class='ocrx_word' id='word_1_8' title='bbox 447 511 595 588; x_wconf 78' lang='grc' dir='ltr'>δοεεεβὴ(</span> <span class='ocrx_word' id='word_1_9' title='bbox 609 507 732 608; x_wconf 83' lang='grc' dir='ltr'>ἔγραψε</span> <span class='ocrx_word' id='word_1_10' title='bbox 751 510 817 571; x_wconf 84' lang='grc' dir='ltr'><strong>τῶν</strong></span> <span class='ocrx_word' id='word_1_11' title='bbox 837 506 933 572; x_wconf 86' lang='grc' dir='ltr'>θείων</span> <span class='ocrx_word' id='word_1_12' title='bbox 948 503 1154 582; x_wconf 85' lang='grc' dir='ltr'>εὐαγγελίων,</span> <span class='ocrx_word' id='word_1_13' title='bbox 1172 505 1213 582; x_wconf 85' lang='grc' dir='ltr'><strong>ἣν</strong></span> <span class='ocrx_word' id='word_1_14' title='bbox 1232 500 1252 566; x_wconf 84' lang='grc' dir='ltr'>ὁ</span> <span class='ocrx_word' id='word_1_15' title='bbox 1272 502 1373 579; x_wconf 76' lang='grc' dir='ltr'>μέγα(</span> 
     </span>
     <span class='ocr_line' id='line_1_3' title="bbox 223 610 1373 696; baseline -0.004 -17"><span class='ocrx_word' id='word_1_16' title='bbox 223 614 374 692; x_wconf 85' lang='grc' dir='ltr'>Κύριλλοε</span> <span class='ocrx_word' id='word_1_17' title='bbox 389 614 628 695; x_wconf 81' lang='grc' dir='ltr'>Ἀλεξανδρεία(</span> <span class='ocrx_word' id='word_1_18' title='bbox 646 615 683 679; x_wconf 81' lang='grc' dir='ltr'><strong>ἐν</strong></span> <span class='ocrx_word' id='word_1_19' title='bbox 698 616 848 696; x_wconf 82' lang='grc' dir='ltr'>ἐξαιρέτῳ</span> <span class='ocrx_word' id='word_1_20' title='bbox 868 610 1067 693; x_wconf 85' lang='grc' dir='ltr'>πραγματείᾳ</span> <span class='ocrx_word' id='word_1_21' title='bbox 1086 613 1239 688; x_wconf 69' lang='grc' dir='ltr'>λαμπρῶς</span> <span class='ocrx_word' id='word_1_22' title='bbox 1253 610 1373 674; x_wconf 85' lang='grc' dir='ltr'>ἐπανέ-</span> 
     </span>
     <span class='ocr_line' id='line_1_4' title="bbox 220 716 1374 804; baseline -0.005 -20"><span class='ocrx_word' id='word_1_23' title='bbox 220 741 348 798; x_wconf 90' lang='grc' dir='ltr'>τρεψεν.</span> <span class='ocrx_word' id='word_1_24' title='bbox 382 724 482 804; x_wconf 77' lang='lat' dir='ltr'><strong>Cyrilli</strong></span> <span class='ocrx_word' id='word_1_25' title='bbox 501 734 599 784; x_wconf 93' lang='lat' dir='ltr'><strong>autem</strong></span> <span class='ocrx_word' id='word_1_26' title='bbox 623 724 695 783; x_wconf 87' lang='lat' dir='ltr'><strong>haec</strong></span> <span class='ocrx_word' id='word_1_27' title='bbox 718 743 745 802; x_wconf 89' lang='lat' dir='ltr'><strong>p.</strong></span> <span class='ocrx_word' id='word_1_28' title='bbox 761 720 832 783; x_wconf 71' lang='grc' dir='ltr'><strong>ὅθι</strong></span> <span class='ocrx_word' id='word_1_29' title='bbox 864 720 915 782; x_wconf 90' lang='grc' dir='ltr'><strong>καί</strong></span> <span class='ocrx_word' id='word_1_30' title='bbox 938 720 977 796; x_wconf 85' lang='grc' dir='ltr'><strong>δὴ</strong></span> <span class='ocrx_word' id='word_1_31' title='bbox 1001 716 1072 795; x_wconf 88' lang='grc' dir='ltr'>τρία</span> <span class='ocrx_word' id='word_1_32' title='bbox 1097 717 1303 795; x_wconf 80' lang='grc' dir='ltr'>(υγγέγραφε</span> <span class='ocrx_word' id='word_1_33' title='bbox 1327 721 1374 795; x_wconf 92' lang='grc' dir='ltr'><strong>βι-</strong></span> 
     </span>
    </p>
   </div>
   <div class='ocr_carea' id='block_1_3' title="bbox 153 931 1462 4306">
    <p class='ocr_par' dir='ltr' id='par_1_3' title="bbox 153 931 1462 4306">
     <span class='ocr_line' id='line_1_5' title="bbox 222 931 1377 1014; baseline -0.006 -16"><span class='ocrx_word' id='word_1_34' title='bbox 222 934 417 1011; x_wconf 80' lang='grc' dir='ltr'>Χριετιανῶν</span> <span class='ocrx_word' id='word_1_35' title='bbox 445 934 621 1013; x_wconf 79' lang='grc' dir='ltr'>θρηεκείαε,</span> <span class='ocrx_word' id='word_1_36' title='bbox 655 954 782 1014; x_wconf 75' lang='lat' dir='ltr'><strong>otiorum</strong></span> <span class='ocrx_word' id='word_1_37' title='bbox 815 945 928 1014; x_wconf 91' lang='lat' dir='ltr'><strong>partem</strong></span> <span class='ocrx_word' id='word_1_38' title='bbox 964 941 1117 995; x_wconf 91' lang='lat' dir='ltr'><strong>mutuatus</strong></span> <span class='ocrx_word' id='word_1_39' title='bbox 1149 942 1208 1014; x_wconf 85' lang='lat' dir='ltr'><strong>est,</strong></span> <span class='ocrx_word' id='word_1_40' title='bbox 1240 931 1377 1010; x_wconf 82' lang='lat' dir='ltr'>neglexit</span> 
     </span>
     <span class='ocr_line' id='line_1_6' title="bbox 221 1039 1377 1122; baseline -0.005 -19"><span class='ocrx_word' id='word_1_41' title='bbox 221 1053 334 1122; x_wconf 88' lang='lat' dir='ltr'><strong>partem</strong></span> <span class='ocrx_word' id='word_1_42' title='bbox 359 1044 563 1122; x_wconf 80' lang='lat' dir='ltr'><strong>Theophanes.</strong></span> <span class='ocrx_word' id='word_1_43' title='bbox 599 1043 642 1103; x_wconf 85' lang='lat' dir='ltr'><strong>Ex</strong></span> <span class='ocrx_word' id='word_1_44' title='bbox 668 1042 769 1121; x_wconf 80' lang='lat' dir='ltr'><strong>Cyrilli</strong></span> <span class='ocrx_word' id='word_1_45' title='bbox 793 1051 891 1102; x_wconf 90' lang='lat' dir='ltr'><strong>autem</strong></span> <span class='ocrx_word' id='word_1_46' title='bbox 910 1040 1009 1100; x_wconf 88' lang='lat' dir='ltr'><strong>verbis</strong></span> <span class='ocrx_word' id='word_1_47' title='bbox 1033 1039 1164 1118; x_wconf 79' lang='lat' dir='ltr'><strong>intellegi</strong></span> <span class='ocrx_word' id='word_1_48' title='bbox 1188 1057 1247 1099; x_wconf 93' lang='lat' dir='ltr'><strong>non</strong></span> <span class='ocrx_word' id='word_1_49' title='bbox 1272 1047 1377 1117; x_wconf 90' lang='lat' dir='ltr'><strong>potest</strong></span> 
     </span>
     <span class='ocr_line' id='line_1_7' title="bbox 221 1144 1377 1230; baseline -0.006 -20"><span class='ocrx_word' id='word_1_50' title='bbox 221 1153 394 1230; x_wconf 88' lang='lat' dir='ltr'><strong>cognovisse</strong></span> <span class='ocrx_word' id='word_1_51' title='bbox 422 1168 490 1210; x_wconf 88' lang='lat' dir='ltr'><strong>eum</strong></span> <span class='ocrx_word' id='word_1_52' title='bbox 520 1145 611 1209; x_wconf 75' lang='lat' dir='ltr'><strong>‘alios</strong></span> <span class='ocrx_word' id='word_1_53' title='bbox 635 1148 738 1209; x_wconf 93' lang='lat' dir='ltr'><strong>luliaui</strong></span> <span class='ocrx_word' id='word_1_54' title='bbox 768 1157 907 1226; x_wconf 86' lang='lat' dir='ltr'><strong>quattuor</strong></span> <span class='ocrx_word' id='word_1_55' title='bbox 938 1148 1042 1226; x_wconf 88' lang='lat' dir='ltr'><strong>libros,</strong></span> <span class='ocrx_word' id='word_1_56' title='bbox 1071 1145 1180 1225; x_wconf 90' lang='lat' dir='ltr'><strong>quibus</strong></span> <span class='ocrx_word' id='word_1_57' title='bbox 1207 1144 1264 1204; x_wconf 94' lang='lat' dir='ltr'><strong>alia</strong></span> <span class='ocrx_word' id='word_1_58' title='bbox 1289 1162 1377 1204; x_wconf 90' lang='lat' dir='ltr'><strong>sacra</strong></span> 
     </span>
     <span class='ocr_line' id='line_1_8' title="bbox 222 1248 1377 1336; baseline -0.005 -20"><span class='ocrx_word' id='word_1_59' title='bbox 222 1256 368 1317; x_wconf 89' lang='lat' dir='ltr'><strong>volumina</strong></span> <span class='ocrx_word' id='word_1_60' title='bbox 392 1257 543 1316; x_wconf 88' lang='lat' dir='ltr'><strong>videretur</strong></span> <span class='ocrx_word' id='word_1_61' title='bbox 571 1255 619 1315; x_wconf 88' lang='lat' dir='ltr'><strong>ille</strong></span> <span class='ocrx_word' id='word_1_62' title='bbox 644 1256 839 1315; x_wconf 90' lang='lat' dir='ltr'><strong>calumniatus</strong></span> <span class='ocrx_word' id='word_1_63' title='bbox 868 1248 988 1336; x_wconf 90' lang='lat' dir='ltr'><strong>esse&#39;.¹)</strong></span> <span class='ocrx_word' id='word_1_64' title='bbox 1031 1250 1113 1325; x_wconf 78' lang='lat' dir='ltr'><strong>Quos&#39;</strong></span> <span class='ocrx_word' id='word_1_65' title='bbox 1140 1256 1295 1331; x_wconf 78' lang='lat' dir='ltr'><strong>ignorasse</strong></span> <span class='ocrx_word' id='word_1_66' title='bbox 1319 1250 1377 1330; x_wconf 78' lang='lat' dir='ltr'><strong>Cy·</strong></span> 
     </span>
     <span class='ocr_line' id='line_1_9' title="bbox 220 1360 1378 1438; baseline -0.003 -17"><span class='ocrx_word' id='word_1_67' title='bbox 220 1363 318 1422; x_wconf 91' lang='lat' dir='ltr'><strong>rillum</strong></span> <span class='ocrx_word' id='word_1_68' title='bbox 342 1365 367 1423; x_wconf 93' lang='lat' dir='ltr'><strong>si</strong></span> <span class='ocrx_word' id='word_1_69' title='bbox 386 1361 540 1422; x_wconf 89' lang='lat' dir='ltr'><strong>exstabant</strong></span> <span class='ocrx_word' id='word_1_70' title='bbox 564 1379 650 1421; x_wconf 93' lang='lat' dir='ltr'><strong>nemo</strong></span> <span class='ocrx_word' id='word_1_71' title='bbox 674 1379 764 1422; x_wconf 91' lang='lat' dir='ltr'><strong>sanus</strong></span> <span class='ocrx_word' id='word_1_72' title='bbox 783 1360 957 1420; x_wconf 87' lang='lat' dir='ltr'><strong>adfirmabit.</strong></span> <span class='ocrx_word' id='word_1_73' title='bbox 995 1360 1076 1431; x_wconf 85' lang='lat' dir='ltr'><strong>Quos</strong></span> <span class='ocrx_word' id='word_1_74' title='bbox 1100 1362 1126 1419; x_wconf 92' lang='lat' dir='ltr'><strong>si</strong></span> <span class='ocrx_word' id='word_1_75' title='bbox 1147 1360 1290 1438; x_wconf 87' lang='lat' dir='ltr'><strong>cognovit</strong></span> <span class='ocrx_word' id='word_1_76' title='bbox 1312 1375 1378 1418; x_wconf 94' lang='lat' dir='ltr'><strong>non</strong></span> 
     </span>
     <span class='ocr_line' id='line_1_10' title="bbox 220 1464 1378 1548; baseline -0.002 -22"><span class='ocrx_word' id='word_1_77' title='bbox 220 1470 316 1546; x_wconf 91' lang='lat' dir='ltr'><strong>potuit</strong></span> <span class='ocrx_word' id='word_1_78' title='bbox 344 1486 402 1527; x_wconf 93' lang='lat' dir='ltr'><strong>non</strong></span> <span class='ocrx_word' id='word_1_79' title='bbox 432 1467 576 1548; x_wconf 77' lang='lat' dir='ltr'><strong>refutare,</strong></span> <span class='ocrx_word' id='word_1_80' title='bbox 604 1469 629 1526; x_wconf 92' lang='lat' dir='ltr'><strong>si</strong></span> <span class='ocrx_word' id='word_1_81' title='bbox 644 1485 690 1526; x_wconf 90' lang='lat' dir='ltr'><strong>-re</strong></span> <span class='ocrx_word' id='word_1_82' title='bbox 721 1485 790 1526; x_wconf 83' lang='lat' dir='ltr'><strong>vera</strong></span> <span class='ocrx_word' id='word_1_83' title='bbox 814 1466 843 1526; x_wconf 90' lang='lat' dir='ltr'><strong>id</strong></span> <span class='ocrx_word' id='word_1_84' title='bbox 872 1469 990 1545; x_wconf 72' lang='lat' dir='ltr'><strong>assequi</strong></span> <span class='ocrx_word' id='word_1_85' title='bbox 1023 1467 1115 1526; x_wconf 87' lang='lat' dir='ltr'><strong>voluit</strong></span> <span class='ocrx_word' id='word_1_86' title='bbox 1145 1465 1222 1544; x_wconf 82' lang='lat' dir='ltr'><strong>qnod</strong></span> <span class='ocrx_word' id='word_1_87' title='bbox 1254 1464 1313 1525; x_wconf 88' lang='lat' dir='ltr'><strong>sibi</strong></span> <span class='ocrx_word' id='word_1_88' title='bbox 1344 1483 1378 1525; x_wconf 88' lang='lat' dir='ltr'><strong>se</strong></span> 
     </span>
     <span class='ocr_line' id='line_1_11' title="bbox 220 1569 1378 1652; baseline -0.001 -20"><span class='ocrx_word' id='word_1_89' title='bbox 220 1576 410 1652; x_wconf 76' lang='lat' dir='ltr'>proposuisse</span> <span class='ocrx_word' id='word_1_90' title='bbox 433 1588 461 1652; x_wconf 92' lang='lat' dir='ltr'><strong>p.</strong></span> <span class='ocrx_word' id='word_1_91' title='bbox 485 1569 507 1632; x_wconf 89' lang='grc'>4</span> <span class='ocrx_word' id='word_1_92' title='bbox 534 1575 704 1634; x_wconf 78' lang='lat' dir='ltr'><strong>autumavit.</strong></span> <span class='ocrx_word' id='word_1_93' title='bbox 747 1573 826 1633; x_wconf 84' lang='lat' dir='ltr'><strong>Dixit</strong></span> <span class='ocrx_word' id='word_1_94' title='bbox 849 1576 927 1632; x_wconf 88' lang='lat' dir='ltr'><strong>enim</strong></span> <span class='ocrx_word' id='word_1_95' title='bbox 952 1589 1123 1651; x_wconf 90' lang='lat' dir='ltr'><strong>aggressum</strong></span> <span class='ocrx_word' id='word_1_96' title='bbox 1148 1590 1180 1631; x_wconf 94' lang='lat' dir='ltr'><strong>se</strong></span> <span class='ocrx_word' id='word_1_97' title='bbox 1204 1590 1272 1632; x_wconf 92' lang='lat' dir='ltr'><strong>esse</strong></span> <span class='ocrx_word' id='word_1_98' title='bbox 1296 1589 1378 1650; x_wconf 91' lang='lat' dir='ltr'><strong>opus</strong></span> 
     </span>
     <span class='ocr_line' id='line_1_12' title="bbox 220 1678 1378 1759; baseline -0.003 -19"><span class='ocrx_word' id='word_1_99' title='bbox 220 1697 308 1740; x_wconf 90' lang='lat' dir='ltr'><strong>suum</strong></span> <span class='ocrx_word' id='word_1_100' title='bbox 331 1678 472 1759; x_wconf 81' lang='lat' dir='ltr'><strong>scribere,</strong></span> <span class='ocrx_word' id='word_1_101' title='bbox 496 1678 574 1759; x_wconf 91' lang='lat' dir='ltr'><strong>quod</strong></span> <span class='ocrx_word' id='word_1_102' title='bbox 599 1678 683 1740; x_wconf 93' lang='lat' dir='ltr'><strong>multi</strong></span> <span class='ocrx_word' id='word_1_103' title='bbox 707 1682 821 1759; x_wconf 85' lang='lat' dir='ltr'><strong>pagani,</strong></span> <span class='ocrx_word' id='word_1_104' title='bbox 845 1688 878 1740; x_wconf 90' lang='lat' dir='ltr'><strong>ut</strong></span> <span class='ocrx_word' id='word_1_105' title='bbox 897 1678 1094 1740; x_wconf 80' lang='lat' dir='ltr'><strong>Christianam</strong></span> <span class='ocrx_word' id='word_1_106' title='bbox 1118 1679 1292 1757; x_wconf 82' lang='lat' dir='ltr'><strong>religionem</strong></span> <span class='ocrx_word' id='word_1_107' title='bbox 1320 1696 1378 1739; x_wconf 91' lang='lat' dir='ltr'><strong>suo</strong></span> 
     </span>
     <span class='ocr_line' id='line_1_13' title="bbox 220 1784 1377 1866; baseline -0.001 -21"><span class='ocrx_word' id='word_1_108' title='bbox 220 1789 286 1846; x_wconf 90' lang='lat' dir='ltr'><strong>iure</strong></span> <span class='ocrx_word' id='word_1_109' title='bbox 305 1803 448 1864; x_wconf 79' lang='lat' dir='ltr'><strong>respuere</strong></span> <span class='ocrx_word' id='word_1_110' title='bbox 468 1784 649 1865; x_wconf 83' lang='lat' dir='ltr'><strong>viderentur,</strong></span> <span class='ocrx_word' id='word_1_111' title='bbox 673 1788 841 1847; x_wconf 89' lang='lat' dir='ltr'><strong>niterentur</strong></span> <span class='ocrx_word' id='word_1_112' title='bbox 860 1787 965 1866; x_wconf 89' lang='lat' dir='ltr'><strong>luliani</strong></span> <span class='ocrx_word' id='word_1_113' title='bbox 988 1785 1080 1847; x_wconf 74' lang='lat' dir='ltr'><strong>libris,</strong></span> <span class='ocrx_word' id='word_1_114' title='bbox 1116 1785 1196 1846; x_wconf 89' lang='lat' dir='ltr'><strong>Num</strong></span> <span class='ocrx_word' id='word_1_115' title='bbox 1215 1803 1287 1845; x_wconf 91' lang='lat' dir='ltr'><strong>vero</strong></span> <span class='ocrx_word' id='word_1_116' title='bbox 1313 1794 1377 1846; x_wconf 92' lang='lat' dir='ltr'><strong>tam</strong></span> 
     </span>
     <span class='ocr_line' id='line_1_14' title="bbox 221 1890 1377 1972; baseline 0.001 -21"><span class='ocrx_word' id='word_1_117' title='bbox 221 1891 357 1970; x_wconf 88' lang='lat' dir='ltr'><strong>stupidus</strong></span> <span class='ocrx_word' id='word_1_118' title='bbox 381 1901 445 1951; x_wconf 92' lang='lat' dir='ltr'><strong>erat</strong></span> <span class='ocrx_word' id='word_1_119' title='bbox 468 1890 602 1972; x_wconf 80' lang='lat' dir='ltr'><strong>Cyrillus,</strong></span> <span class='ocrx_word' id='word_1_120' title='bbox 626 1899 659 1952; x_wconf 90' lang='lat' dir='ltr'><strong>ut</strong></span> <span class='ocrx_word' id='word_1_121' title='bbox 684 1895 714 1951; x_wconf 93' lang='lat' dir='ltr'><strong>in</strong></span> <span class='ocrx_word' id='word_1_122' title='bbox 734 1903 864 1953; x_wconf 89' lang='lat' dir='ltr'><strong>mentem</strong></span> <span class='ocrx_word' id='word_1_123' title='bbox 883 1895 910 1953; x_wconf 93' lang='lat' dir='ltr'><strong>ei</strong></span> <span class='ocrx_word' id='word_1_124' title='bbox 935 1912 993 1952; x_wconf 93' lang='lat' dir='ltr'><strong>non</strong></span> <span class='ocrx_word' id='word_1_125' title='bbox 1013 1895 1128 1953; x_wconf 89' lang='lat' dir='ltr'><strong>veniret</strong></span> <span class='ocrx_word' id='word_1_126' title='bbox 1152 1893 1273 1952; x_wconf 89' lang='lat' dir='ltr'><strong>minime</strong></span> <span class='ocrx_word' id='word_1_127' title='bbox 1298 1892 1377 1972; x_wconf 85' lang='lat' dir='ltr'><strong>lore,</strong></span> 
     </span>
     <span class='ocr_line' id='line_1_15' title="bbox 220 1996 1376 2078; baseline 0.003 -21"><span class='ocrx_word' id='word_1_128' title='bbox 220 2007 253 2058; x_wconf 92' lang='lat' dir='ltr'><strong>nt</strong></span> <span class='ocrx_word' id='word_1_129' title='bbox 277 1998 347 2058; x_wconf 86' lang='lat' dir='ltr'><strong>solis</strong></span> <span class='ocrx_word' id='word_1_130' title='bbox 371 1996 467 2057; x_wconf 90' lang='lat' dir='ltr'><strong>tribus</strong></span> <span class='ocrx_word' id='word_1_131' title='bbox 499 1998 636 2058; x_wconf 82' lang='lat' dir='ltr'><strong>refutatis</strong></span> <span class='ocrx_word' id='word_1_132' title='bbox 659 1998 764 2059; x_wconf 90' lang='lat' dir='ltr'><strong>luliani</strong></span> <span class='ocrx_word' id='word_1_133' title='bbox 792 1998 874 2059; x_wconf 92' lang='lat' dir='ltr'><strong>libris</strong></span> <span class='ocrx_word' id='word_1_134' title='bbox 898 1999 1030 2078; x_wconf 91' lang='lat' dir='ltr'><strong>reliquos</strong></span> <span class='ocrx_word' id='word_1_135' title='bbox 1054 2008 1194 2077; x_wconf 88' lang='lat' dir='ltr'><strong>quattuor</strong></span> <span class='ocrx_word' id='word_1_136' title='bbox 1222 2001 1261 2077; x_wconf 12' lang='lat' dir='ltr'><strong>int</strong></span> <span class='ocrx_word' id='word_1_137' title='bbox 1283 2017 1376 2060; x_wconf 90' lang='lat' dir='ltr'><strong>usum</strong></span> 
     </span>
     <span class='ocr_line' id='line_1_16' title="bbox 220 2101 1377 2183; baseline 0.001 -19"><span class='ocrx_word' id='word_1_138' title='bbox 220 2123 308 2164; x_wconf 88' lang='lat' dir='ltr'><strong>suurn</strong></span> <span class='ocrx_word' id='word_1_139' title='bbox 332 2105 469 2163; x_wconf 90' lang='lat' dir='ltr'><strong>coulerre</strong></span> <span class='ocrx_word' id='word_1_140' title='bbox 498 2106 603 2183; x_wconf 89' lang='lat' dir='ltr'><strong>pagani</strong></span> <span class='ocrx_word' id='word_1_141' title='bbox 631 2101 823 2165; x_wconf 79' lang='lat' dir='ltr'><strong>desinerent?</strong></span> <span class='ocrx_word' id='word_1_142' title='bbox 863 2104 966 2183; x_wconf 88' lang='lat' dir='ltr'><strong>Neque</strong></span> <span class='ocrx_word' id='word_1_143' title='bbox 994 2106 1153 2183; x_wconf 88' lang='lat' dir='ltr'><strong>quicquam</strong></span> <span class='ocrx_word' id='word_1_144' title='bbox 1181 2105 1315 2166; x_wconf 86' lang='lat' dir='ltr'><strong>efficitur</strong></span> <span class='ocrx_word' id='word_1_145' title='bbox 1340 2124 1377 2166; x_wconf 83' lang='lat' dir='ltr'><strong>ex</strong></span> 
     </span>
     <span class='ocr_line' id='line_1_17' title="bbox 221 2209 1377 2289; baseline 0.002 -20"><span class='ocrx_word' id='word_1_146' title='bbox 221 2210 347 2271; x_wconf 81' lang='lat' dir='ltr'><strong>Fabricii</strong></span> <span class='ocrx_word' id='word_1_147' title='bbox 372 2213 543 2270; x_wconf 91' lang='lat' dir='ltr'><strong>coniectura</strong></span> <span class='ocrx_word' id='word_1_148' title='bbox 567 2213 624 2270; x_wconf 91' lang='lat' dir='ltr'><strong>nisi</strong></span> <span class='ocrx_word' id='word_1_149' title='bbox 648 2229 707 2271; x_wconf 93' lang='lat' dir='ltr'><strong>nou</strong></span> <span class='ocrx_word' id='word_1_150' title='bbox 731 2211 837 2289; x_wconf 84' lang='lat' dir='ltr'><strong>legisse</strong></span> <span class='ocrx_word' id='word_1_151' title='bbox 863 2229 930 2272; x_wconf 90' lang='lat' dir='ltr'><strong>eum</strong></span> <span class='ocrx_word' id='word_1_152' title='bbox 954 2211 1058 2271; x_wconf 90' lang='lat' dir='ltr'><strong>decem</strong></span> <span class='ocrx_word' id='word_1_153' title='bbox 1077 2209 1177 2289; x_wconf 81' lang='lat' dir='ltr'><strong>Cyrilli</strong></span> <span class='ocrx_word' id='word_1_154' title='bbox 1200 2220 1309 2271; x_wconf 88' lang='lat' dir='ltr'><strong>contra</strong></span> <span class='ocrx_word' id='word_1_155' title='bbox 1329 2211 1377 2271; x_wconf 92' lang='lat' dir='ltr'><strong>lu·</strong></span> 
     </span>
     <span class='ocr_line' id='line_1_18' title="bbox 220 2315 1378 2398; baseline 0.003 -23"><span class='ocrx_word' id='word_1_156' title='bbox 220 2316 331 2376; x_wconf 89' lang='lat' dir='ltr'><strong>lianum</strong></span> <span class='ocrx_word' id='word_1_157' title='bbox 354 2315 453 2376; x_wconf 92' lang='lat' dir='ltr'><strong>libros.</strong></span> <span class='ocrx_word' id='word_1_158' title='bbox 493 2315 608 2386; x_wconf 87' lang='lat' dir='ltr'><strong>Quibus</strong></span> <span class='ocrx_word' id='word_1_159' title='bbox 632 2336 665 2377; x_wconf 94' lang='lat' dir='ltr'><strong>re</strong></span> <span class='ocrx_word' id='word_1_160' title='bbox 685 2335 752 2377; x_wconf 89' lang='lat' dir='ltr'><strong>vera</strong></span> <span class='ocrx_word' id='word_1_161' title='bbox 777 2318 925 2378; x_wconf 82' lang='lat' dir='ltr'><strong>refutatur</strong></span> <span class='ocrx_word' id='word_1_162' title='bbox 944 2336 1013 2396; x_wconf 90' lang='lat' dir='ltr'><strong>pars</strong></span> <span class='ocrx_word' id='word_1_163' title='bbox 1031 2316 1135 2377; x_wconf 86' lang='lat' dir='ltr'><strong>luliani</strong></span> <span class='ocrx_word' id='word_1_164' title='bbox 1158 2316 1309 2377; x_wconf 88' lang='lat' dir='ltr'><strong>librorum</strong></span> <span class='ocrx_word' id='word_1_165' title='bbox 1334 2336 1378 2398; x_wconf 86' lang='lat' dir='ltr'><strong>ea,</strong></span> 
     </span>
     <span class='ocr_line' id='line_1_19' title="bbox 220 2423 1377 2503; baseline 0.003 -22"><span class='ocrx_word' id='word_1_166' title='bbox 220 2441 277 2500; x_wconf 88' lang='lat' dir='ltr'><strong>qua</strong></span> <span class='ocrx_word' id='word_1_167' title='bbox 307 2425 426 2482; x_wconf 90' lang='lat' dir='ltr'><strong>minime</strong></span> <span class='ocrx_word' id='word_1_168' title='bbox 454 2425 485 2482; x_wconf 98' lang='lat' dir='ltr'><strong>in</strong></span> <span class='ocrx_word' id='word_1_169' title='bbox 513 2441 669 2484; x_wconf 82' lang='lat' dir='ltr'><strong>censuram</strong></span> <span class='ocrx_word' id='word_1_170' title='bbox 697 2424 745 2484; x_wconf 90' lang='lat' dir='ltr'><strong>ille</strong></span> <span class='ocrx_word' id='word_1_171' title='bbox 779 2434 933 2485; x_wconf 88' lang='lat' dir='ltr'><strong>vocaverat</strong></span> <span class='ocrx_word' id='word_1_172' title='bbox 960 2423 1117 2503; x_wconf 86' lang='lat' dir='ltr'><strong>evangelia.</strong></span> <span class='ocrx_word' id='word_1_173' title='bbox 1159 2423 1262 2501; x_wconf 88' lang='lat' dir='ltr'><strong>Neque</strong></span> <span class='ocrx_word' id='word_1_174' title='bbox 1294 2427 1377 2485; x_wconf 91' lang='lat' dir='ltr'><strong>enim</strong></span> 
     </span>
     <span class='ocr_line' id='line_1_20' title="bbox 222 2529 1377 2611; baseline 0.001 -22"><span class='ocrx_word' id='word_1_175' title='bbox 222 2531 261 2589; x_wconf 93' lang='lat' dir='ltr'><strong>ita</strong></span> <span class='ocrx_word' id='word_1_176' title='bbox 282 2529 407 2590; x_wconf 89' lang='lat' dir='ltr'><strong>multum</strong></span> <span class='ocrx_word' id='word_1_177' title='bbox 427 2547 442 2588; x_wconf 95' lang='lat' dir='ltr'><strong>a</strong></span> <span class='ocrx_word' id='word_1_178' title='bbox 462 2547 532 2588; x_wconf 90' lang='lat' dir='ltr'><strong>vero</strong></span> <span class='ocrx_word' id='word_1_179' title='bbox 552 2529 699 2590; x_wconf 91' lang='lat' dir='ltr'><strong>aberravit</strong></span> <span class='ocrx_word' id='word_1_180' title='bbox 717 2530 863 2611; x_wconf 89' lang='lat' dir='ltr'><strong>Bessario,</strong></span> <span class='ocrx_word' id='word_1_181' title='bbox 890 2549 977 2609; x_wconf 90' lang='lat' dir='ltr'><strong>quem</strong></span> <span class='ocrx_word' id='word_1_182' title='bbox 997 2529 1154 2608; x_wconf 88' lang='lat' dir='ltr'><strong>diligenter</strong></span> <span class='ocrx_word' id='word_1_183' title='bbox 1172 2529 1377 2609; x_wconf 84' lang='lat' dir='ltr'><strong>perlustrasse</strong></span> 
     </span>
     <span class='ocr_line' id='line_1_21' title="bbox 222 2634 1378 2716; baseline 0.002 -22"><span class='ocrx_word' id='word_1_184' title='bbox 222 2634 322 2713; x_wconf 78' lang='lat' dir='ltr'><strong>Cyrilli</strong></span> <span class='ocrx_word' id='word_1_185' title='bbox 354 2634 446 2695; x_wconf 90' lang='lat' dir='ltr'><strong>libros</strong></span> <span class='ocrx_word' id='word_1_186' title='bbox 475 2634 679 2696; x_wconf 88' lang='lat' dir='ltr'><strong>demonstrant</strong></span> <span class='ocrx_word' id='word_1_187' title='bbox 713 2636 824 2696; x_wconf 90' lang='lat' dir='ltr'><strong>scholia</strong></span> <span class='ocrx_word' id='word_1_188' title='bbox 856 2655 931 2714; x_wconf 90' lang='lat' dir='ltr'><strong>quae</strong></span> <span class='ocrx_word' id='word_1_189' title='bbox 964 2639 1028 2715; x_wconf 84' lang='lat' dir='ltr'><strong>ipse</strong></span> <span class='ocrx_word' id='word_1_190' title='bbox 1060 2636 1218 2714; x_wconf 87' lang='lat' dir='ltr'><strong>adscripsit</strong></span> <span class='ocrx_word' id='word_1_191' title='bbox 1245 2639 1378 2716; x_wconf 90' lang='lat' dir='ltr'><strong>margini</strong></span> 
     </span>
     <span class='ocr_line' id='line_1_22' title="bbox 221 2739 1378 2804; baseline 0.004 -5"><span class='ocrx_word' id='word_1_192' title='bbox 221 2740 332 2800; x_wconf 90' lang='lat' dir='ltr'><strong>codicis</strong></span> <span class='ocrx_word' id='word_1_193' title='bbox 356 2744 402 2801; x_wconf 90' lang='lat' dir='ltr'><strong>sui</strong></span> <span class='ocrx_word' id='word_1_194' title='bbox 428 2759 507 2800; x_wconf 88' lang='lat' dir='ltr'><strong>nunc</strong></span> <span class='ocrx_word' id='word_1_195' title='bbox 530 2741 670 2801; x_wconf 90' lang='lat' dir='ltr'><strong>Marciani</strong></span> <span class='ocrx_word' id='word_1_196' title='bbox 697 2739 767 2803; x_wconf 75' lang='lat'><strong>123.</strong></span> <span class='ocrx_word' id='word_1_197' title='bbox 805 2743 837 2803; x_wconf 93' lang='lat' dir='ltr'><strong>ln</strong></span> <span class='ocrx_word' id='word_1_198' title='bbox 862 2745 949 2803; x_wconf 84' lang='lat' dir='ltr'><strong>cuius</strong></span> <span class='ocrx_word' id='word_1_199' title='bbox 972 2743 1041 2802; x_wconf 88' lang='lat' dir='ltr'><strong>lolio</strong></span> <span class='ocrx_word' id='word_1_200' title='bbox 1067 2739 1154 2804; x_wconf 73' lang='lat'>1531&gt;</span> <span class='ocrx_word' id='word_1_201' title='bbox 1177 2744 1378 2804; x_wconf 88' lang='lat' dir='ltr'><strong>inveniuntur</strong></span> 
     </span>
     <span class='ocr_line' id='line_1_23' title="bbox 220 2846 1376 2927; baseline 0.003 -21"><span class='ocrx_word' id='word_1_202' title='bbox 220 2847 292 2906; x_wconf 90' lang='lat' dir='ltr'><strong>haec</strong></span> <span class='ocrx_word' id='word_1_203' title='bbox 315 2850 345 2907; x_wconf 92' lang='lat' dir='ltr'><strong>in</strong></span> <span class='ocrx_word' id='word_1_204' title='bbox 369 2848 428 2906; x_wconf 80' lang='lat' dir='ltr'><strong>linc</strong></span> <span class='ocrx_word' id='word_1_205' title='bbox 452 2846 559 2907; x_wconf 90' lang='lat' dir='ltr'><strong>decimi</strong></span> <span class='ocrx_word' id='word_1_206' title='bbox 583 2847 650 2907; x_wconf 90' lang='lat' dir='ltr'><strong>libri</strong></span> <span class='ocrx_word' id='word_1_207' title='bbox 674 2851 767 2927; x_wconf 91' lang='lat' dir='ltr'><strong>ipsius</strong></span> <span class='ocrx_word' id='word_1_208' title='bbox 787 2848 970 2908; x_wconf 89' lang='lat' dir='ltr'><strong>Bessarinnis</strong></span> <span class='ocrx_word' id='word_1_209' title='bbox 994 2866 1083 2909; x_wconf 92' lang='lat' dir='ltr'><strong>manu</strong></span> <span class='ocrx_word' id='word_1_210' title='bbox 1107 2856 1238 2909; x_wconf 84' lang='lat' dir='ltr'><strong>exarata:</strong></span> <span class='ocrx_word' id='word_1_211' title='bbox 1270 2850 1376 2910; x_wconf 85' lang='grc' dir='ltr'>ταῦτα</span> 
     </span>
     <span class='ocr_line' id='line_1_24' title="bbox 220 2944 1377 3034; baseline 0.004 -22"><span class='ocrx_word' id='word_1_212' title='bbox 220 2952 255 3013; x_wconf 83' lang='grc' dir='ltr'><strong>δὲ</strong></span> <span class='ocrx_word' id='word_1_213' title='bbox 280 2946 353 3034; x_wconf 86' lang='lat' dir='ltr'><strong>(sic)</strong></span> <span class='ocrx_word' id='word_1_214' title='bbox 378 2950 455 3014; x_wconf 79' lang='grc' dir='ltr'><strong>εἰίν</strong></span> <span class='ocrx_word' id='word_1_215' title='bbox 478 2954 544 3014; x_wconf 83' lang='grc' dir='ltr'><strong>τῶν</strong></span> <span class='ocrx_word' id='word_1_216' title='bbox 567 2951 647 3014; x_wconf 89' lang='grc' dir='ltr'>κατὰ</span> <span class='ocrx_word' id='word_1_217' title='bbox 669 2956 725 3030; x_wconf 75' lang='grc' dir='ltr'><strong>τῆ(</strong></span> <span class='ocrx_word' id='word_1_218' title='bbox 749 2955 886 3015; x_wconf 67' lang='grc' dir='ltr'>παλαιᾶς</span> <span class='ocrx_word' id='word_1_219' title='bbox 906 2944 1054 3030; x_wconf 74' lang='grc' dir='ltr'>διαθήκη(</span> <span class='ocrx_word' id='word_1_220' title='bbox 1077 2952 1243 3016; x_wconf 87' lang='grc' dir='ltr'>ἰουλιανού</span> <span class='ocrx_word' id='word_1_221' title='bbox 1262 2951 1377 3030; x_wconf 83' lang='grc' dir='ltr'>λόγων</span> 
     </span>
     <span class='ocr_line' id='line_1_25' title="bbox 220 3054 1377 3136; baseline 0.003 -18"><span class='ocrx_word' id='word_1_222' title='bbox 220 3054 414 3134; x_wconf 81' lang='grc' dir='ltr'>ἀντιρρήτει(</span> <span class='ocrx_word' id='word_1_223' title='bbox 434 3056 543 3134; x_wconf 88' lang='grc' dir='ltr'>μόνον.</span> <span class='ocrx_word' id='word_1_224' title='bbox 579 3057 620 3119; x_wconf 86' lang='grc' dir='ltr'><strong>τὰ</strong></span> <span class='ocrx_word' id='word_1_225' title='bbox 642 3056 703 3134; x_wconf 90' lang='grc' dir='ltr'><strong>γὰρ</strong></span> <span class='ocrx_word' id='word_1_226' title='bbox 726 3058 806 3136; x_wconf 83' lang='grc' dir='ltr'>πρὸ(</span> <span class='ocrx_word' id='word_1_227' title='bbox 825 3058 866 3122; x_wconf 89' lang='grc' dir='ltr'><strong>τὰ</strong></span> <span class='ocrx_word' id='word_1_228' title='bbox 887 3057 967 3122; x_wconf 86' lang='grc' dir='ltr'>κατὰ</span> <span class='ocrx_word' id='word_1_229' title='bbox 989 3061 1047 3120; x_wconf 82' lang='grc' dir='ltr'><strong>τοῦ</strong></span> <span class='ocrx_word' id='word_1_230' title='bbox 1067 3056 1159 3132; x_wconf 84' lang='grc' dir='ltr'>ἁγίου</span> <span class='ocrx_word' id='word_1_231' title='bbox 1179 3057 1377 3136; x_wconf 83' lang='grc' dir='ltr'>εὐαγγελίου</span> 
     </span>
     <span class='ocr_line' id='line_1_26' title="bbox 220 3161 1376 3248; baseline 0.004 -24"><span class='ocrx_word' id='word_1_232' title='bbox 220 3161 378 3240; x_wconf 84' lang='grc' dir='ltr'>εἰρημένα,</span> <span class='ocrx_word' id='word_1_233' title='bbox 402 3162 463 3242; x_wconf 87' lang='grc' dir='ltr'><strong>οὐχ</strong></span> <span class='ocrx_word' id='word_1_234' title='bbox 486 3163 615 3242; x_wconf 86' lang='grc' dir='ltr'>εὕρηταί</span> <span class='ocrx_word' id='word_1_235' title='bbox 640 3185 700 3227; x_wconf 90' lang='grc' dir='ltr'><strong>πω.</strong></span> <span class='ocrx_word' id='word_1_236' title='bbox 742 3166 876 3237; x_wconf 83' lang='lat' dir='ltr'><strong>Quodsi</strong></span> <span class='ocrx_word' id='word_1_237' title='bbox 904 3167 1027 3245; x_wconf 87' lang='lat' dir='ltr'><strong>reliquis</strong></span> <span class='ocrx_word' id='word_1_238' title='bbox 1050 3166 1134 3226; x_wconf 91' lang='lat' dir='ltr'><strong>libris</strong></span> <span class='ocrx_word' id='word_1_239' title='bbox 1163 3186 1242 3228; x_wconf 91' lang='lat' dir='ltr'><strong>nunc</strong></span> <span class='ocrx_word' id='word_1_240' title='bbox 1267 3168 1376 3248; x_wconf 87' lang='lat' dir='ltr'><strong>deper-</strong></span> 
     </span>
     <span class='ocr_line' id='line_1_27' title="bbox 221 3271 1377 3354; baseline 0.006 -25"><span class='ocrx_word' id='word_1_241' title='bbox 221 3271 290 3330; x_wconf 90' lang='lat' dir='ltr'><strong>ditis</strong></span> <span class='ocrx_word' id='word_1_242' title='bbox 313 3272 520 3333; x_wconf 77' lang='lat' dir='ltr'><strong>refutabantur</strong></span> <span class='ocrx_word' id='word_1_243' title='bbox 544 3291 591 3354; x_wconf 85' lang='lat' dir='ltr'><strong>ea,</strong></span> <span class='ocrx_word' id='word_1_244' title='bbox 614 3292 690 3352; x_wconf 82' lang='lat' dir='ltr'><strong>‹prae</strong></span> <span class='ocrx_word' id='word_1_245' title='bbox 710 3282 813 3333; x_wconf 90' lang='lat' dir='ltr'><strong>contra</strong></span> <span class='ocrx_word' id='word_1_246' title='bbox 834 3273 982 3352; x_wconf 88' lang='lat' dir='ltr'><strong>evangelia</strong></span> <span class='ocrx_word' id='word_1_247' title='bbox 1002 3273 1132 3333; x_wconf 90' lang='lat' dir='ltr'><strong>lulianus</strong></span> <span class='ocrx_word' id='word_1_248' title='bbox 1156 3271 1377 3352; x_wconf 84' lang='lat' dir='ltr'><strong>disputaverat:</strong></span> 
     </span>
     <span class='ocr_line' id='line_1_28' title="bbox 153 3377 1462 3471; baseline 0.005 -36"><span class='ocrx_word' id='word_1_249' title='bbox 153 3456 166 3471; x_wconf 33' lang='grc' dir='ltr'><strong>υ</strong></span> <span class='ocrx_word' id='word_1_250' title='bbox 222 3395 257 3436; x_wconf 90' lang='lat' dir='ltr'><strong>eo</strong></span> <span class='ocrx_word' id='word_1_251' title='bbox 280 3396 380 3459; x_wconf 87' lang='lat' dir='ltr'><strong>opere,</strong></span> <span class='ocrx_word' id='word_1_252' title='bbox 404 3382 490 3440; x_wconf 89' lang='lat' dir='ltr'><strong>cuius</strong></span> <span class='ocrx_word' id='word_1_253' title='bbox 513 3378 616 3439; x_wconf 90' lang='lat' dir='ltr'><strong>decem</strong></span> <span class='ocrx_word' id='word_1_254' title='bbox 641 3380 892 3440; x_wconf 85' lang='lat' dir='ltr'><strong>consumebantur</strong></span> <span class='ocrx_word' id='word_1_255' title='bbox 916 3379 983 3440; x_wconf 91' lang='lat' dir='ltr'><strong>libri</strong></span> <span class='ocrx_word' id='word_1_256' title='bbox 1014 3380 1129 3440; x_wconf 91' lang='lat' dir='ltr'><strong>adalia</strong></span> <span class='ocrx_word' id='word_1_257' title='bbox 1156 3377 1294 3440; x_wconf 88' lang='lat' dir='ltr'><strong>eiusdem</strong></span> <span class='ocrx_word' id='word_1_258' title='bbox 1317 3383 1376 3441; x_wconf 91' lang='lat' dir='ltr'><strong>cri·</strong></span> <span class='ocrx_word' id='word_1_259' title='bbox 1458 3400 1462 3407; x_wconf 91' lang='lat'>·</span> 
     </span>
     <span class='ocr_line' id='line_1_29' title="bbox 220 3484 1378 3572; baseline 0.005 -29"><span class='ocrx_word' id='word_1_260' title='bbox 220 3486 298 3544; x_wconf 89' lang='lat' dir='ltr'><strong>mina</strong></span> <span class='ocrx_word' id='word_1_261' title='bbox 327 3484 525 3564; x_wconf 82' lang='lat' dir='ltr'><strong>defendenda,</strong></span> <span class='ocrx_word' id='word_1_262' title='bbox 557 3485 630 3545; x_wconf 93' lang='lat' dir='ltr'><strong>nihil</strong></span> <span class='ocrx_word' id='word_1_263' title='bbox 659 3484 737 3545; x_wconf 89' lang='lat' dir='ltr'><strong>aliud</strong></span> <span class='ocrx_word' id='word_1_264' title='bbox 766 3485 822 3545; x_wconf 93' lang='lat' dir='ltr'><strong>sibi</strong></span> <span class='ocrx_word' id='word_1_265' title='bbox 853 3488 1045 3565; x_wconf 90' lang='lat' dir='ltr'><strong>proposuisse</strong></span> <span class='ocrx_word' id='word_1_266' title='bbox 1077 3485 1217 3572; x_wconf 76' lang='lat' dir='ltr'><strong>Cyrillum</strong></span> <span class='ocrx_word' id='word_1_267' title='bbox 1252 3489 1312 3547; x_wconf 88' lang='lat' dir='ltr'><strong>uisi</strong></span> <span class='ocrx_word' id='word_1_268' title='bbox 1343 3498 1378 3549; x_wconf 89' lang='lat' dir='ltr'><strong>ut</strong></span> 
     </span>
     <span class='ocr_line' id='line_1_30' title="bbox 221 3587 1373 3670; baseline 0.008 -24"><span class='ocrx_word' id='word_1_269' title='bbox 221 3589 414 3667; x_wconf 82' lang='lat' dir='ltr'><strong>redargueret</strong></span> <span class='ocrx_word' id='word_1_270' title='bbox 435 3587 621 3666; x_wconf 86' lang='grc' dir='ltr'>ἀνατροπὴν</span> <span class='ocrx_word' id='word_1_271' title='bbox 640 3588 837 3665; x_wconf 85' lang='grc' dir='ltr'>εὐαγγελίων</span> <span class='ocrx_word' id='word_1_272' title='bbox 861 3594 972 3652; x_wconf 88' lang='lat' dir='ltr'><strong>nemini</strong></span> <span class='ocrx_word' id='word_1_273' title='bbox 995 3591 1184 3670; x_wconf 90' lang='lat' dir='ltr'><strong>persuadebit</strong></span> <span class='ocrx_word' id='word_1_274' title='bbox 1203 3591 1373 3655; x_wconf 82' lang='lat' dir='ltr'><strong>Fabricius.</strong></span> 
     </span>
     <span class='ocr_line' id='line_1_31' title="bbox 220 3695 1378 3778; baseline 0.008 -24"><span class='ocrx_word' id='word_1_275' title='bbox 220 3695 283 3754; x_wconf 85' lang='lat' dir='ltr'><strong>hlio</strong></span> <span class='ocrx_word' id='word_1_276' title='bbox 307 3696 394 3755; x_wconf 94' lang='lat' dir='ltr'><strong>modo</strong></span> <span class='ocrx_word' id='word_1_277' title='bbox 413 3696 616 3758; x_wconf 81' lang='lat' dir='ltr'><strong>difficultatem</strong></span> <span class='ocrx_word' id='word_1_278' title='bbox 637 3697 740 3757; x_wconf 90' lang='lat' dir='ltr'><strong>tollere</strong></span> <span class='ocrx_word' id='word_1_279' title='bbox 760 3697 874 3759; x_wconf 91' lang='lat' dir='ltr'><strong>studuit</strong></span> <span class='ocrx_word' id='word_1_280' title='bbox 894 3698 1065 3778; x_wconf 79' lang='lat' dir='ltr'><strong>Teuffelius,</strong></span> <span class='ocrx_word' id='word_1_281' title='bbox 1088 3700 1175 3758; x_wconf 91' lang='lat' dir='ltr'><strong>cuius</strong></span> <span class='ocrx_word' id='word_1_282' title='bbox 1198 3701 1378 3762; x_wconf 84' lang='lat' dir='ltr'><strong>coniectura</strong></span> 
     </span>
     <span class='ocr_line' id='line_1_32' title="bbox 221 3800 1378 3884; baseline 0.007 -23"><span class='ocrx_word' id='word_1_283' title='bbox 221 3804 370 3862; x_wconf 90' lang='lat' dir='ltr'><strong>invenitur</strong></span> <span class='ocrx_word' id='word_1_284' title='bbox 394 3803 423 3861; x_wconf 93' lang='lat' dir='ltr'><strong>in</strong></span> <span class='ocrx_word' id='word_1_285' title='bbox 448 3800 515 3862; x_wconf 91' lang='lat' dir='ltr'><strong>libri</strong></span> <span class='ocrx_word' id='word_1_286' title='bbox 545 3802 581 3862; x_wconf 93' lang='lat' dir='ltr'><strong>ab</strong></span> <span class='ocrx_word' id='word_1_287' title='bbox 604 3804 743 3882; x_wconf 79' lang='lat' dir='ltr'><strong>Augusto.</strong></span> <span class='ocrx_word' id='word_1_288' title='bbox 761 3803 852 3882; x_wconf 79' lang='lat' dir='ltr'><strong>Pauly</strong></span> <span class='ocrx_word' id='word_1_289' title='bbox 880 3804 965 3884; x_wconf 89' lang='lat' dir='ltr'><strong>editi,</strong></span> <span class='ocrx_word' id='word_1_290' title='bbox 993 3807 1044 3882; x_wconf 89' lang='lat' dir='ltr'><strong>qui</strong></span> <span class='ocrx_word' id='word_1_291' title='bbox 1067 3802 1242 3864; x_wconf 91' lang='lat' dir='ltr'><strong>inscribitur</strong></span> <span class='ocrx_word' id='word_1_292' title='bbox 1271 3801 1378 3868; x_wconf 76' lang='lat' dir='ltr'><strong>‘Recl-</strong></span> 
     </span>
     <span class='ocr_line' id='line_1_33' title="bbox 221 3905 1377 3991; baseline 0.008 -26"><span class='ocrx_word' id='word_1_293' title='bbox 221 3908 446 3988; x_wconf 72' lang='lat' dir='ltr'><strong>encyclopaedie</strong></span> <span class='ocrx_word' id='word_1_294' title='bbox 463 3909 516 3968; x_wconf 91' lang='lat' dir='ltr'><strong>der</strong></span> <span class='ocrx_word' id='word_1_295' title='bbox 531 3909 710 3969; x_wconf 90' lang='lat' dir='ltr'><strong>classischen</strong></span> <span class='ocrx_word' id='word_1_296' title='bbox 721 3905 1119 3971; x_wconf 79' lang='lat' dir='ltr'><strong>Alterthumswissenschalt&#39;</strong></span> <span class='ocrx_word' id='word_1_297' title='bbox 1135 3908 1189 3970; x_wconf 89' lang='lat' dir='ltr'><strong>vol.</strong></span> <span class='ocrx_word' id='word_1_298' title='bbox 1199 3909 1245 3970; x_wconf 89' lang='lat' dir='ltr'><strong>lV.</strong></span> <span class='ocrx_word' id='word_1_299' title='bbox 1257 3931 1286 3991; x_wconf 91' lang='lat' dir='ltr'><strong>p.</strong></span> <span class='ocrx_word' id='word_1_300' title='bbox 1297 3910 1377 3975; x_wconf 83' lang='lat'>416.</span> 
     </span>
     <span class='ocr_line' id='line_1_34' title="bbox 224 4014 1378 4100; baseline 0.006 -27"><span class='ocrx_word' id='word_1_301' title='bbox 224 4014 303 4074; x_wconf 88' lang='lat' dir='ltr'><strong>Fieri</strong></span> <span class='ocrx_word' id='word_1_302' title='bbox 323 4016 402 4075; x_wconf 90' lang='lat' dir='ltr'><strong>enim</strong></span> <span class='ocrx_word' id='word_1_303' title='bbox 420 4017 552 4092; x_wconf 92' lang='lat' dir='ltr'><strong>potuisse</strong></span> <span class='ocrx_word' id='word_1_304' title='bbox 572 4015 655 4094; x_wconf 83' lang='lat' dir='ltr'><strong>dixit,</strong></span> <span class='ocrx_word' id='word_1_305' title='bbox 679 4023 720 4094; x_wconf 89' lang='lat' dir='ltr'><strong>ut,</strong></span> <span class='ocrx_word' id='word_1_306' title='bbox 744 4033 811 4075; x_wconf 91' lang='lat' dir='ltr'><strong>cum</strong></span> <span class='ocrx_word' id='word_1_307' title='bbox 831 4014 947 4075; x_wconf 89' lang='lat' dir='ltr'><strong>duobus</strong></span> <span class='ocrx_word' id='word_1_308' title='bbox 968 4015 1061 4075; x_wconf 87' lang='lat' dir='ltr'><strong>modis</strong></span> <span class='ocrx_word' id='word_1_309' title='bbox 1080 4017 1111 4074; x_wconf 93' lang='lat' dir='ltr'><strong>in</strong></span> <span class='ocrx_word' id='word_1_310' title='bbox 1134 4015 1226 4076; x_wconf 90' lang='lat' dir='ltr'><strong>libros</strong></span> <span class='ocrx_word' id='word_1_311' title='bbox 1246 4017 1378 4100; x_wconf 90' lang='lat' dir='ltr'><strong>discrip-</strong></span> 
     </span>
     <span class='ocr_line' id='line_1_35' title="bbox 220 4119 1378 4208; baseline 0.008 -29"><span class='ocrx_word' id='word_1_312' title='bbox 220 4129 282 4180; x_wconf 91' lang='lat' dir='ltr'><strong>tum</strong></span> <span class='ocrx_word' id='word_1_313' title='bbox 316 4128 395 4179; x_wconf 90' lang='lat' dir='ltr'><strong>esset</strong></span> <span class='ocrx_word' id='word_1_314' title='bbox 427 4119 532 4180; x_wconf 86' lang='lat' dir='ltr'><strong>loliani</strong></span> <span class='ocrx_word' id='word_1_315' title='bbox 565 4139 656 4200; x_wconf 79' lang='lat' dir='ltr'><strong>opus,</strong></span> <span class='ocrx_word' id='word_1_316' title='bbox 694 4120 816 4181; x_wconf 90' lang='lat' dir='ltr'><strong>alteram</strong></span> <span class='ocrx_word' id='word_1_317' title='bbox 847 4122 1019 4183; x_wconf 76' lang='lat' dir='ltr'><strong>divisionem</strong></span> <span class='ocrx_word' id='word_1_318' title='bbox 1053 4130 1201 4202; x_wconf 88' lang='lat' dir='ltr'><strong>spectaret</strong></span> <span class='ocrx_word' id='word_1_319' title='bbox 1234 4123 1378 4208; x_wconf 84' lang='lat' dir='ltr'><strong>Cyrlllus,</strong></span> 
     </span>
     <span class='ocr_line' id='line_1_36' title="bbox 221 4225 1376 4306; baseline 0.007 -21"><span class='ocrx_word' id='word_1_320' title='bbox 221 4226 420 4306; x_wconf 84' lang='lat' dir='ltr'><strong>Hieronymus</strong></span> <span class='ocrx_word' id='word_1_321' title='bbox 435 4226 566 4287; x_wconf 91' lang='lat' dir='ltr'><strong>alteram.</strong></span> <span class='ocrx_word' id='word_1_322' title='bbox 594 4225 655 4285; x_wconf 91' lang='lat' dir='ltr'><strong>lam</strong></span> <span class='ocrx_word' id='word_1_323' title='bbox 669 4245 739 4286; x_wconf 83' lang='lat' dir='ltr'><strong>vero</strong></span> <span class='ocrx_word' id='word_1_324' title='bbox 755 4246 822 4288; x_wconf 93' lang='lat' dir='ltr'><strong>cum</strong></span> <span class='ocrx_word' id='word_1_325' title='bbox 838 4237 944 4306; x_wconf 85' lang='lat' dir='ltr'><strong>quarto</strong></span> <span class='ocrx_word' id='word_1_326' title='bbox 959 4247 986 4306; x_wconf 93' lang='lat' dir='ltr'><strong>p.</strong></span> <span class='ocrx_word' id='word_1_327' title='bbox 1002 4227 1032 4288; x_wconf 87' lang='lat' dir='ltr'><strong>C.</strong></span> <span class='ocrx_word' id='word_1_328' title='bbox 1047 4247 1075 4289; x_wconf 90' lang='lat' dir='ltr'><strong>n.</strong></span> <span class='ocrx_word' id='word_1_329' title='bbox 1091 4227 1208 4289; x_wconf 90' lang='lat' dir='ltr'><strong>saeculo</strong></span> <span class='ocrx_word' id='word_1_330' title='bbox 1223 4227 1376 4294; x_wconf 91' lang='lat' dir='ltr'><strong>librorum</strong></span> 
     </span>
    </p>
   </div>
   <div class='ocr_carea' id='block_1_4' title="bbox 292 4433 519 4499">
    <p class='ocr_par' dir='ltr' id='par_1_4' title="bbox 292 4433 519 4499">
     <span class='ocr_line' id='line_1_37' title="bbox 292 4433 519 4499; baseline 0.022 -15"><span class='ocrx_word' id='word_1_331' title='bbox 292 4436 318 4499; x_wconf 90' lang='lat'><strong>1)</strong></span> <span class='ocrx_word' id='word_1_332' title='bbox 338 4433 444 4487; x_wconf 82' lang='lat' dir='ltr'><strong>Fahrio.</strong></span> <span class='ocrx_word' id='word_1_333' title='bbox 464 4435 481 4489; x_wconf 90' lang='lat' dir='ltr'><strong>l.</strong></span> <span class='ocrx_word' id='word_1_334' title='bbox 502 4435 519 4490; x_wconf 89' lang='lat' dir='ltr'><strong>l.</strong></span> 
     </span>
    </p>
   </div>
   <div class='ocr_carea' id='block_1_5' title="bbox 0 0 1470 5040">
    <p class='ocr_par' dir='ltr' id='par_1_5' title="bbox 0 0 1470 5040">
     <span class='ocr_line' id='line_1_38' title="bbox 0 0 1470 5040; baseline 0 0"><span class='ocrx_word' id='word_1_335' title='bbox 0 0 1470 5040; x_wconf 95' lang='lat' dir='ltr'><strong> </strong></span> 
     </span>
    </p>
   </div>
  </div>
 </body>
</html>
