<?xml version="1.0" encoding="UTF-8"?>
<!DOCTYPE html PUBLIC "-//W3C//DTD XHTML 1.0 Transitional//EN"
    "http://www.w3.org/TR/xhtml1/DTD/xhtml1-transitional.dtd">
<html xmlns="http://www.w3.org/1999/xhtml" xml:lang="en" lang="en">
 <head>
  <title>
</title>
<meta http-equiv="Content-Type" content="text/html;charset=utf-8" />
  <meta name='ocr-system' content='tesseract 3.04.00' />
  <meta name='ocr-capabilities' content='ocr_page ocr_carea ocr_par ocr_line ocrx_word'/>
</head>
<body>
  <div class='ocr_page' id='page_1' title='image "./iulianiimperato00neumgoog_0029.png"; bbox 0 0 2926 5040; ppageno 0'>
   <div class='ocr_carea' id='block_1_1' title="bbox 221 357 863 428">
    <p class='ocr_par' dir='ltr' id='par_1_1' title="bbox 221 357 863 428">
     <span class='ocr_line' id='line_1_1' title="bbox 221 357 863 428; baseline -0.011 -9"><span class='ocrx_word' id='word_1_1' title='bbox 221 359 261 421; x_wconf 86' lang='grc'>16</span> <span class='ocrx_word' id='word_1_2' title='bbox 735 357 826 428; x_wconf 81' lang='lat' dir='ltr'>Caput</span> <span class='ocrx_word' id='word_1_3' title='bbox 843 359 863 412; x_wconf 90' lang='lat'>1.</span> 
     </span>
    </p>
   </div>
   <div class='ocr_carea' id='block_1_2' title="bbox 151 519 1374 4237">
    <p class='ocr_par' dir='ltr' id='par_1_2' title="bbox 151 519 1374 4237">
     <span class='ocr_line' id='line_1_2' title="bbox 224 519 1372 602; baseline -0.003 -17"><span class='ocrx_word' id='word_1_4' title='bbox 224 525 290 585; x_wconf 85' lang='grc' dir='ltr'>τῶν</span> <span class='ocrx_word' id='word_1_5' title='bbox 317 523 398 599; x_wconf 90' lang='grc' dir='ltr'>πρὸ(</span> <span class='ocrx_word' id='word_1_6' title='bbox 420 523 576 600; x_wconf 80' lang='grc' dir='ltr'>Ἕλληνα(</span> <span class='ocrx_word' id='word_1_7' title='bbox 604 521 703 585; x_wconf 85' lang='grc' dir='ltr'>αὐτοῦ</span> <span class='ocrx_word' id='word_1_8' title='bbox 731 519 943 602; x_wconf 73' lang='grc' dir='ltr'>ἀποκρίιεωνγ</span> <span class='ocrx_word' id='word_1_9' title='bbox 967 528 997 581; x_wconf 90' lang='lat' dir='ltr'>et</span> <span class='ocrx_word' id='word_1_10' title='bbox 1019 541 1047 600; x_wconf 87' lang='lat' dir='ltr'>p.</span> <span class='ocrx_word' id='word_1_11' title='bbox 1074 519 1092 581; x_wconf 79' lang='lat'><strong>7</strong></span> <span class='ocrx_word' id='word_1_12' title='bbox 1121 523 1150 580; x_wconf 91' lang='lat' dir='ltr'>in</span> <span class='ocrx_word' id='word_1_13' title='bbox 1171 522 1273 582; x_wconf 90' lang='lat' dir='ltr'>codice</span> <span class='ocrx_word' id='word_1_14' title='bbox 1293 521 1372 581; x_wconf 87' lang='lat' dir='ltr'>Vati-</span> 
     </span>
     <span class='ocr_line' id='line_1_3' title="bbox 221 626 1372 710; baseline -0.003 -18"><span class='ocrx_word' id='word_1_15' title='bbox 221 652 295 692; x_wconf 89' lang='lat' dir='ltr'>cano</span> <span class='ocrx_word' id='word_1_16' title='bbox 320 630 385 694; x_wconf 78' lang='lat'>840</span> <span class='ocrx_word' id='word_1_17' title='bbox 411 633 508 693; x_wconf 91' lang='lat' dir='ltr'>locum</span> <span class='ocrx_word' id='word_1_18' title='bbox 532 633 676 710; x_wconf 83' lang='lat' dir='ltr'><strong>Magnetis</strong></span> <span class='ocrx_word' id='word_1_19' title='bbox 704 626 886 691; x_wconf 72' lang='lat' dir='ltr'>inventust</span> <span class='ocrx_word' id='word_1_20' title='bbox 913 626 975 690; x_wconf 82' lang='grc'>166</span> <span class='ocrx_word' id='word_1_21' title='bbox 1004 647 1071 689; x_wconf 92' lang='lat' dir='ltr'>cum</span> <span class='ocrx_word' id='word_1_22' title='bbox 1094 630 1289 707; x_wconf 83' lang='lat' dir='ltr'>inscriptione</span> <span class='ocrx_word' id='word_1_23' title='bbox 1313 628 1372 688; x_wconf 80' lang='grc' dir='ltr'>τοῦ</span> 
     </span>
     <span class='ocr_line' id='line_1_4' title="bbox 221 729 1372 815; baseline -0.004 -14"><span class='ocrx_word' id='word_1_24' title='bbox 221 737 386 814; x_wconf 90' lang='grc' dir='ltr'>Μακαρίου</span> <span class='ocrx_word' id='word_1_25' title='bbox 411 736 585 815; x_wconf 93' lang='grc' dir='ltr'>Μάγνητο(</span> <span class='ocrx_word' id='word_1_26' title='bbox 608 737 643 800; x_wconf 84' lang='grc' dir='ltr'>ἐκ</span> <span class='ocrx_word' id='word_1_27' title='bbox 666 739 732 799; x_wconf 86' lang='grc' dir='ltr'>τῶν</span> <span class='ocrx_word' id='word_1_28' title='bbox 756 735 836 814; x_wconf 87' lang='grc' dir='ltr'>πρὸ(</span> <span class='ocrx_word' id='word_1_29' title='bbox 858 734 1014 811; x_wconf 78' lang='grc' dir='ltr'>Ἕλληνα(</span> <span class='ocrx_word' id='word_1_30' title='bbox 1038 733 1137 796; x_wconf 82' lang='grc' dir='ltr'>αὐτοῦ</span> <span class='ocrx_word' id='word_1_31' title='bbox 1161 729 1372 810; x_wconf 89' lang='grc' dir='ltr'>άποκρί(εων.</span> 
     </span>
     <span class='ocr_line' id='line_1_5' title="bbox 151 841 1373 906; baseline -0.003 0"><span class='ocrx_word' id='word_1_32' title='bbox 151 878 155 886; x_wconf 92' lang='grc'><strong>-</strong></span> <span class='ocrx_word' id='word_1_33' title='bbox 219 845 280 905; x_wconf 93' lang='lat' dir='ltr'>lam</span> <span class='ocrx_word' id='word_1_34' title='bbox 303 865 382 906; x_wconf 90' lang='lat' dir='ltr'>nunc</span> <span class='ocrx_word' id='word_1_35' title='bbox 407 848 502 906; x_wconf 89' lang='lat' dir='ltr'>oritur</span> <span class='ocrx_word' id='word_1_36' title='bbox 534 844 690 905; x_wconf 82' lang='lat' dir='ltr'>difficultas</span> <span class='ocrx_word' id='word_1_37' title='bbox 714 853 816 904; x_wconf 89' lang='lat' dir='ltr'>utrum</span> <span class='ocrx_word' id='word_1_38' title='bbox 839 843 912 902; x_wconf 89' lang='lat' dir='ltr'>fides</span> <span class='ocrx_word' id='word_1_39' title='bbox 940 841 1074 901; x_wconf 91' lang='lat' dir='ltr'>habenda</span> <span class='ocrx_word' id='word_1_40' title='bbox 1099 843 1136 900; x_wconf 92' lang='lat' dir='ltr'>sit</span> <span class='ocrx_word' id='word_1_41' title='bbox 1161 841 1258 902; x_wconf 87' lang='lat' dir='ltr'>verbis</span> <span class='ocrx_word' id='word_1_42' title='bbox 1282 845 1373 903; x_wconf 88' lang='lat' dir='ltr'>tertio</span> 
     </span>
     <span class='ocr_line' id='line_1_6' title="bbox 221 944 1372 1033; baseline -0.003 -21"><span class='ocrx_word' id='word_1_43' title='bbox 221 953 296 1013; x_wconf 91' lang='lat' dir='ltr'>libro</span> <span class='ocrx_word' id='word_1_44' title='bbox 320 955 490 1033; x_wconf 88' lang='lat' dir='ltr'>praemissis</span> <span class='ocrx_word' id='word_1_45' title='bbox 514 950 586 1028; x_wconf 90' lang='grc' dir='ltr'>περὶ</span> <span class='ocrx_word' id='word_1_46' title='bbox 609 953 674 1012; x_wconf 87' lang='grc' dir='ltr'>τῶν</span> <span class='ocrx_word' id='word_1_47' title='bbox 699 949 735 1012; x_wconf 84' lang='grc' dir='ltr'>ἐν</span> <span class='ocrx_word' id='word_1_48' title='bbox 758 953 804 1030; x_wconf 85' lang='grc' dir='ltr'>τῷ</span> <span class='ocrx_word' id='word_1_49' title='bbox 824 946 1006 1028; x_wconf 85' lang='grc' dir='ltr'>Εὐαγγελίῳ</span> <span class='ocrx_word' id='word_1_50' title='bbox 1030 944 1217 1024; x_wconf 84' lang='grc' dir='ltr'>ζητημάτων</span> <span class='ocrx_word' id='word_1_51' title='bbox 1241 947 1292 1009; x_wconf 89' lang='grc' dir='ltr'>καὶ</span> <span class='ocrx_word' id='word_1_52' title='bbox 1316 946 1372 1009; x_wconf 86' lang='grc' dir='ltr'>λά-</span> 
     </span>
     <span class='ocr_line' id='line_1_7' title="bbox 218 1054 1372 1139; baseline -0.001 -19"><span class='ocrx_word' id='word_1_53' title='bbox 218 1077 312 1136; x_wconf 81' lang='grc' dir='ltr'>(εων,</span> <span class='ocrx_word' id='word_1_54' title='bbox 342 1080 378 1122; x_wconf 87' lang='lat' dir='ltr'>an</span> <span class='ocrx_word' id='word_1_55' title='bbox 407 1062 450 1120; x_wconf 95' lang='lat' dir='ltr'>eis</span> <span class='ocrx_word' id='word_1_56' title='bbox 479 1078 553 1139; x_wconf 91' lang='lat' dir='ltr'>quae</span> <span class='ocrx_word' id='word_1_57' title='bbox 578 1066 644 1119; x_wconf 90' lang='lat' dir='ltr'>aute</span> <span class='ocrx_word' id='word_1_58' title='bbox 673 1058 781 1118; x_wconf 89' lang='lat' dir='ltr'>librum</span> <span class='ocrx_word' id='word_1_59' title='bbox 811 1066 950 1136; x_wconf 91' lang='lat' dir='ltr'>quartum</span> <span class='ocrx_word' id='word_1_60' title='bbox 981 1058 1173 1135; x_wconf 89' lang='lat' dir='ltr'>reperiuntur</span> <span class='ocrx_word' id='word_1_61' title='bbox 1201 1054 1275 1132; x_wconf 87' lang='grc' dir='ltr'>περὶ</span> <span class='ocrx_word' id='word_1_62' title='bbox 1305 1059 1372 1119; x_wconf 86' lang='grc' dir='ltr'>τῶν</span> 
     </span>
     <span class='ocr_line' id='line_1_8' title="bbox 220 1159 1371 1246; baseline -0.002 -19"><span class='ocrx_word' id='word_1_63' title='bbox 220 1163 453 1243; x_wconf 83' lang='grc' dir='ltr'>ἀπορουμένων</span> <span class='ocrx_word' id='word_1_64' title='bbox 468 1165 503 1228; x_wconf 86' lang='grc' dir='ltr'>ἐν</span> <span class='ocrx_word' id='word_1_65' title='bbox 518 1169 556 1246; x_wconf 92' lang='grc' dir='ltr'>τῇ</span> <span class='ocrx_word' id='word_1_66' title='bbox 573 1165 668 1246; x_wconf 82' lang='grc' dir='ltr'>Κοινῇ</span> <span class='ocrx_word' id='word_1_67' title='bbox 684 1163 829 1245; x_wconf 88' lang='grc' dir='ltr'>Διαθήκῃ</span> <span class='ocrx_word' id='word_1_68' title='bbox 844 1159 1031 1239; x_wconf 86' lang='grc' dir='ltr'>ζητημάτων</span> <span class='ocrx_word' id='word_1_69' title='bbox 1045 1161 1096 1224; x_wconf 89' lang='grc' dir='ltr'>καὶ</span> <span class='ocrx_word' id='word_1_70' title='bbox 1111 1161 1240 1226; x_wconf 80' lang='grc' dir='ltr'>λύιεων.</span> <span class='ocrx_word' id='word_1_71' title='bbox 1265 1164 1371 1225; x_wconf 82' lang='lat' dir='ltr'>Totins</span> 
     </span>
     <span class='ocr_line' id='line_1_9' title="bbox 220 1271 1372 1353; baseline -0.002 -19"><span class='ocrx_word' id='word_1_72' title='bbox 220 1292 290 1334; x_wconf 89' lang='lat' dir='ltr'>sane</span> <span class='ocrx_word' id='word_1_73' title='bbox 319 1277 418 1353; x_wconf 92' lang='lat' dir='ltr'>operis</span> <span class='ocrx_word' id='word_1_74' title='bbox 446 1275 670 1352; x_wconf 80' lang='lat' dir='ltr'>inscriptionem</span> <span class='ocrx_word' id='word_1_75' title='bbox 705 1274 802 1332; x_wconf 91' lang='lat' dir='ltr'>inesse</span> <span class='ocrx_word' id='word_1_76' title='bbox 828 1290 886 1331; x_wconf 91' lang='lat' dir='ltr'>non</span> <span class='ocrx_word' id='word_1_77' title='bbox 914 1289 1001 1350; x_wconf 89' lang='lat' dir='ltr'>posse</span> <span class='ocrx_word' id='word_1_78' title='bbox 1030 1273 1060 1331; x_wconf 89' lang='lat' dir='ltr'>in</span> <span class='ocrx_word' id='word_1_79' title='bbox 1092 1272 1243 1350; x_wconf 83' lang='lat' dir='ltr'>prioribus</span> <span class='ocrx_word' id='word_1_80' title='bbox 1271 1271 1372 1332; x_wconf 87' lang='lat' dir='ltr'>verbis</span> 
     </span>
     <span class='ocr_line' id='line_1_10' title="bbox 221 1378 1372 1460; baseline -0.001 -20"><span class='ocrx_word' id='word_1_81' title='bbox 221 1399 308 1441; x_wconf 91' lang='lat' dir='ltr'>nemo</span> <span class='ocrx_word' id='word_1_82' title='bbox 331 1381 461 1460; x_wconf 82' lang='lat' dir='ltr'>negabit,</span> <span class='ocrx_word' id='word_1_83' title='bbox 479 1399 547 1440; x_wconf 91' lang='lat' dir='ltr'>cum</span> <span class='ocrx_word' id='word_1_84' title='bbox 570 1379 646 1440; x_wconf 89' lang='lat' dir='ltr'>libro</span> <span class='ocrx_word' id='word_1_85' title='bbox 671 1386 776 1457; x_wconf 88' lang='lat' dir='ltr'>quarto</span> <span class='ocrx_word' id='word_1_86' title='bbox 800 1379 915 1439; x_wconf 89' lang='lat' dir='ltr'>nonde</span> <span class='ocrx_word' id='word_1_87' title='bbox 940 1378 1099 1458; x_wconf 90' lang='lat' dir='ltr'>evangelio,</span> <span class='ocrx_word' id='word_1_88' title='bbox 1124 1379 1174 1437; x_wconf 88' lang='lat' dir='ltr'>sed</span> <span class='ocrx_word' id='word_1_89' title='bbox 1199 1379 1234 1438; x_wconf 91' lang='lat' dir='ltr'>de</span> <span class='ocrx_word' id='word_1_90' title='bbox 1259 1382 1372 1458; x_wconf 90' lang='lat' dir='ltr'>epistu-</span> 
     </span>
     <span class='ocr_line' id='line_1_11' title="bbox 219 1486 1371 1568; baseline -0.003 -20"><span class='ocrx_word' id='word_1_91' title='bbox 219 1488 315 1548; x_wconf 80' lang='lat' dir='ltr'>larum</span> <span class='ocrx_word' id='word_1_92' title='bbox 338 1490 483 1568; x_wconf 87' lang='lat' dir='ltr'>imprimis</span> <span class='ocrx_word' id='word_1_93' title='bbox 507 1496 610 1566; x_wconf 83' lang='lat' dir='ltr'>agatur</span> <span class='ocrx_word' id='word_1_94' title='bbox 634 1488 714 1548; x_wconf 93' lang='lat' dir='ltr'>locis.</span> <span class='ocrx_word' id='word_1_95' title='bbox 757 1486 815 1547; x_wconf 87' lang='lat' dir='ltr'>Sed</span> <span class='ocrx_word' id='word_1_96' title='bbox 839 1486 947 1546; x_wconf 83' lang='lat' dir='ltr'>dixerit</span> <span class='ocrx_word' id='word_1_97' title='bbox 970 1487 1047 1546; x_wconf 83' lang='lat' dir='ltr'>forte</span> <span class='ocrx_word' id='word_1_98' title='bbox 1071 1488 1217 1565; x_wconf 91' lang='lat' dir='ltr'>quispiam</span> <span class='ocrx_word' id='word_1_99' title='bbox 1241 1486 1371 1564; x_wconf 89' lang='lat' dir='ltr'>peculia-</span> 
     </span>
     <span class='ocr_line' id='line_1_12' title="bbox 220 1593 1371 1673; baseline -0.001 -19"><span class='ocrx_word' id='word_1_100' title='bbox 220 1612 283 1655; x_wconf 90' lang='lat' dir='ltr'>rem</span> <span class='ocrx_word' id='word_1_101' title='bbox 313 1597 394 1655; x_wconf 90' lang='lat' dir='ltr'>tertii</span> <span class='ocrx_word' id='word_1_102' title='bbox 421 1595 489 1655; x_wconf 90' lang='lat' dir='ltr'>iibri</span> <span class='ocrx_word' id='word_1_103' title='bbox 513 1614 548 1655; x_wconf 92' lang='lat' dir='ltr'>eo</span> <span class='ocrx_word' id='word_1_104' title='bbox 573 1597 720 1655; x_wconf 88' lang='lat' dir='ltr'>contineri</span> <span class='ocrx_word' id='word_1_105' title='bbox 746 1596 980 1673; x_wconf 84' lang='lat' dir='ltr'>inscriptionem.</span> <span class='ocrx_word' id='word_1_106' title='bbox 1022 1593 1124 1671; x_wconf 87' lang='lat' dir='ltr'>Neque</span> <span class='ocrx_word' id='word_1_107' title='bbox 1153 1612 1223 1652; x_wconf 90' lang='lat' dir='ltr'>vero</span> <span class='ocrx_word' id='word_1_108' title='bbox 1250 1595 1276 1652; x_wconf 96' lang='lat' dir='ltr'>is</span> <span class='ocrx_word' id='word_1_109' title='bbox 1304 1612 1371 1653; x_wconf 91' lang='lat' dir='ltr'>rem</span> 
     </span>
     <span class='ocr_line' id='line_1_13' title="bbox 220 1700 1371 1782; baseline -0.002 -20"><span class='ocrx_word' id='word_1_110' title='bbox 220 1721 275 1762; x_wconf 92' lang='lat' dir='ltr'>acu</span> <span class='ocrx_word' id='word_1_111' title='bbox 295 1704 435 1782; x_wconf 89' lang='lat' dir='ltr'>tetigerit.</span> <span class='ocrx_word' id='word_1_112' title='bbox 467 1702 541 1762; x_wconf 92' lang='lat' dir='ltr'>Nam</span> <span class='ocrx_word' id='word_1_113' title='bbox 560 1704 591 1761; x_wconf 92' lang='lat' dir='ltr'>in</span> <span class='ocrx_word' id='word_1_114' title='bbox 612 1701 708 1761; x_wconf 89' lang='lat' dir='ltr'>medio</span> <span class='ocrx_word' id='word_1_115' title='bbox 728 1703 815 1761; x_wconf 89' lang='lat' dir='ltr'>tertio</span> <span class='ocrx_word' id='word_1_116' title='bbox 834 1700 911 1760; x_wconf 92' lang='lat' dir='ltr'>libro</span> <span class='ocrx_word' id='word_1_117' title='bbox 931 1703 1074 1761; x_wconf 86' lang='lat' dir='ltr'>transitus</span> <span class='ocrx_word' id='word_1_118' title='bbox 1092 1701 1125 1760; x_wconf 85' lang='lat' dir='ltr'>tit</span> <span class='ocrx_word' id='word_1_119' title='bbox 1144 1700 1179 1759; x_wconf 91' lang='lat' dir='ltr'>ad</span> <span class='ocrx_word' id='word_1_120' title='bbox 1201 1700 1371 1760; x_wconf 88' lang='lat' dir='ltr'>tractandos</span> 
     </span>
     <span class='ocr_line' id='line_1_14' title="bbox 221 1806 1371 1888; baseline -0.001 -20"><span class='ocrx_word' id='word_1_121' title='bbox 221 1818 354 1869; x_wconf 85' lang='lat' dir='ltr'>actorum</span> <span class='ocrx_word' id='word_1_122' title='bbox 373 1817 408 1869; x_wconf 61' lang='lat' dir='ltr'>&#39;et</span> <span class='ocrx_word' id='word_1_123' title='bbox 432 1809 625 1888; x_wconf 88' lang='lat' dir='ltr'>epistularum</span> <span class='ocrx_word' id='word_1_124' title='bbox 649 1806 738 1867; x_wconf 90' lang='lat' dir='ltr'>locos.</span> <span class='ocrx_word' id='word_1_125' title='bbox 781 1806 975 1867; x_wconf 89' lang='lat' dir='ltr'>Inveniuntur</span> <span class='ocrx_word' id='word_1_126' title='bbox 999 1816 1097 1867; x_wconf 88' lang='lat' dir='ltr'>autem</span> <span class='ocrx_word' id='word_1_127' title='bbox 1121 1807 1193 1866; x_wconf 92' lang='lat' dir='ltr'>haec</span> <span class='ocrx_word' id='word_1_128' title='bbox 1217 1809 1246 1865; x_wconf 91' lang='lat' dir='ltr'>in</span> <span class='ocrx_word' id='word_1_129' title='bbox 1271 1807 1371 1867; x_wconf 89' lang='lat' dir='ltr'>indice</span> 
     </span>
     <span class='ocr_line' id='line_1_15' title="bbox 217 1891 1373 1994; baseline 0.001 -20"><span class='ocrx_word' id='word_1_130' title='bbox 217 1891 320 1975; x_wconf 79' lang='lat' dir='ltr'>rerum</span> <span class='ocrx_word' id='word_1_131' title='bbox 337 1923 412 1993; x_wconf 89' lang='lat' dir='ltr'>-post</span> <span class='ocrx_word' id='word_1_132' title='bbox 435 1922 523 1994; x_wconf 89' lang='lat' dir='ltr'>caput</span> <span class='ocrx_word' id='word_1_133' title='bbox 546 1916 666 1985; x_wconf 70' lang='lat' dir='ltr'>tertium</span> <span class='ocrx_word' id='word_1_134' title='bbox 691 1914 852 1974; x_wconf 88' lang='lat' dir='ltr'>decimum:</span> <span class='ocrx_word' id='word_1_135' title='bbox 874 1910 1001 1988; x_wconf 80' lang='grc' dir='ltr'>Ἑτέρα(</span> <span class='ocrx_word' id='word_1_136' title='bbox 1024 1911 1205 1974; x_wconf 88' lang='grc' dir='ltr'>ὑποθέ(εω(</span> <span class='ocrx_word' id='word_1_137' title='bbox 1229 1909 1309 1989; x_wconf 89' lang='grc' dir='ltr'>ἀρχὴ</span> <span class='ocrx_word' id='word_1_138' title='bbox 1335 1912 1373 1975; x_wconf 81' lang='grc' dir='ltr'>ἐκ</span> 
     </span>
     <span class='ocr_line' id='line_1_16' title="bbox 219 2017 1373 2099; baseline -0.001 -18"><span class='ocrx_word' id='word_1_139' title='bbox 219 2022 286 2081; x_wconf 86' lang='grc' dir='ltr'>τῶν</span> <span class='ocrx_word' id='word_1_140' title='bbox 302 2018 458 2096; x_wconf 81' lang='grc' dir='ltr'>Πράξεων</span> <span class='ocrx_word' id='word_1_141' title='bbox 473 2019 523 2082; x_wconf 86' lang='grc' dir='ltr'>καὶ</span> <span class='ocrx_word' id='word_1_142' title='bbox 537 2022 595 2082; x_wconf 83' lang='grc' dir='ltr'>τοῦ</span> <span class='ocrx_word' id='word_1_143' title='bbox 610 2017 814 2082; x_wconf 87' lang='grc' dir='ltr'>Ἀπο(τάλου.</span> <span class='ocrx_word' id='word_1_144' title='bbox 844 2020 995 2099; x_wconf 85' lang='lat' dir='ltr'>Epistulae</span> <span class='ocrx_word' id='word_1_145' title='bbox 1010 2023 1088 2080; x_wconf 89' lang='lat' dir='ltr'>euim</span> <span class='ocrx_word' id='word_1_146' title='bbox 1109 2023 1176 2079; x_wconf 91' lang='lat' dir='ltr'>novi</span> <span class='ocrx_word' id='word_1_147' title='bbox 1198 2023 1373 2080; x_wconf 91' lang='lat' dir='ltr'>testamenti</span> 
     </span>
     <span class='ocr_line' id='line_1_17' title="bbox 219 2123 1373 2211; baseline -0.002 -23"><span class='ocrx_word' id='word_1_148' title='bbox 219 2129 288 2188; x_wconf 85' lang='lat' dir='ltr'>inde</span> <span class='ocrx_word' id='word_1_149' title='bbox 312 2129 348 2189; x_wconf 91' lang='lat' dir='ltr'>ab</span> <span class='ocrx_word' id='word_1_150' title='bbox 373 2137 498 2188; x_wconf 86' lang='lat' dir='ltr'>exeunte</span> <span class='ocrx_word' id='word_1_151' title='bbox 523 2127 640 2189; x_wconf 89' lang='lat' dir='ltr'>saeculo</span> <span class='ocrx_word' id='word_1_152' title='bbox 655 2128 689 2205; x_wconf 84' lang='lat' dir='ltr'>ll.</span> <span class='ocrx_word' id='word_1_153' title='bbox 714 2123 931 2188; x_wconf 80' lang='grc' dir='ltr'>ὁάπάττολο(</span> <span class='ocrx_word' id='word_1_154' title='bbox 954 2123 1169 2211; x_wconf 78' lang='lat' dir='ltr'>dicebantor1).</span> <span class='ocrx_word' id='word_1_155' title='bbox 1206 2126 1373 2187; x_wconf 86' lang='lat' dir='ltr'>Exstabant</span> 
     </span>
     <span class='ocr_line' id='line_1_18' title="bbox 221 2232 1371 2315; baseline -0.001 -20"><span class='ocrx_word' id='word_1_156' title='bbox 221 2238 312 2315; x_wconf 86' lang='lat' dir='ltr'>igitur</span> <span class='ocrx_word' id='word_1_157' title='bbox 339 2238 370 2296; x_wconf 92' lang='lat' dir='ltr'>in</span> <span class='ocrx_word' id='word_1_158' title='bbox 400 2237 491 2296; x_wconf 89' lang='lat' dir='ltr'>totius</span> <span class='ocrx_word' id='word_1_159' title='bbox 520 2237 619 2313; x_wconf 91' lang='lat' dir='ltr'>operis</span> <span class='ocrx_word' id='word_1_160' title='bbox 647 2237 841 2314; x_wconf 91' lang='lat' dir='ltr'>inscriptione</span> <span class='ocrx_word' id='word_1_161' title='bbox 871 2234 960 2294; x_wconf 88' lang='lat' dir='ltr'>verba</span> <span class='ocrx_word' id='word_1_162' title='bbox 988 2232 1024 2295; x_wconf 85' lang='grc' dir='ltr'>έν</span> <span class='ocrx_word' id='word_1_163' title='bbox 1052 2237 1089 2314; x_wconf 89' lang='grc' dir='ltr'>τῇ</span> <span class='ocrx_word' id='word_1_164' title='bbox 1114 2237 1204 2315; x_wconf 81' lang='grc' dir='ltr'>καινῇ</span> <span class='ocrx_word' id='word_1_165' title='bbox 1229 2233 1371 2313; x_wconf 86' lang='grc' dir='ltr'>διαθήκῃ.</span> 
     </span>
     <span class='ocr_line' id='line_1_19' title="bbox 220 2341 1372 2421; baseline -0.003 -18"><span class='ocrx_word' id='word_1_166' title='bbox 220 2342 326 2403; x_wconf 90' lang='lat' dir='ltr'>Latent</span> <span class='ocrx_word' id='word_1_167' title='bbox 354 2352 453 2403; x_wconf 89' lang='lat' dir='ltr'>autem</span> <span class='ocrx_word' id='word_1_168' title='bbox 482 2344 571 2402; x_wconf 91' lang='lat' dir='ltr'>etiam</span> <span class='ocrx_word' id='word_1_169' title='bbox 599 2342 671 2401; x_wconf 92' lang='lat' dir='ltr'>aliae</span> <span class='ocrx_word' id='word_1_170' title='bbox 695 2342 880 2421; x_wconf 90' lang='lat' dir='ltr'>corruptelae</span> <span class='ocrx_word' id='word_1_171' title='bbox 909 2345 939 2401; x_wconf 93' lang='lat' dir='ltr'>in</span> <span class='ocrx_word' id='word_1_172' title='bbox 968 2341 1065 2401; x_wconf 90' lang='lat' dir='ltr'>verbis</span> <span class='ocrx_word' id='word_1_173' title='bbox 1093 2343 1181 2402; x_wconf 90' lang='lat' dir='ltr'>tertio</span> <span class='ocrx_word' id='word_1_174' title='bbox 1205 2350 1235 2400; x_wconf 96' lang='lat' dir='ltr'>et</span> <span class='ocrx_word' id='word_1_175' title='bbox 1263 2349 1372 2419; x_wconf 91' lang='lat' dir='ltr'>quarto</span> 
     </span>
     <span class='ocr_line' id='line_1_20' title="bbox 219 2425 1371 2526; baseline 0.001 -19"><span class='ocrx_word' id='word_1_176' title='bbox 219 2448 296 2507; x_wconf 90' lang='lat' dir='ltr'>libro</span> <span class='ocrx_word' id='word_1_177' title='bbox 316 2450 494 2526; x_wconf 84' lang='lat' dir='ltr'>praemissis</span> <span class='ocrx_word' id='word_1_178' title='bbox 528 2447 604 2517; x_wconf 89' lang='lat' dir='ltr'>Quid</span> <span class='ocrx_word' id='word_1_179' title='bbox 624 2450 702 2507; x_wconf 90' lang='lat' dir='ltr'>enim</span> <span class='ocrx_word' id='word_1_180' title='bbox 718 2455 764 2507; x_wconf 93' lang='lat' dir='ltr'>est</span> <span class='ocrx_word' id='word_1_181' title='bbox 782 2443 983 2522; x_wconf 88' lang='grc' dir='ltr'>ἀποκριτικὸ(</span> <span class='ocrx_word' id='word_1_182' title='bbox 1002 2446 1075 2522; x_wconf 88' lang='grc' dir='ltr'>περὶ</span> <span class='ocrx_word' id='word_1_183' title='bbox 1095 2444 1238 2508; x_wconf 67' lang='grc' dir='ltr'>λύ(εωνῗ</span> <span class='ocrx_word' id='word_1_184' title='bbox 1265 2425 1371 2526; x_wconf 82' lang='lat' dir='ltr'>Neqhe</span> 
     </span>
     <span class='ocr_line' id='line_1_21' title="bbox 222 2549 1372 2633; baseline 0.001 -19"><span class='ocrx_word' id='word_1_185' title='bbox 222 2562 303 2620; x_wconf 87' lang='lat' dir='ltr'>recte</span> <span class='ocrx_word' id='word_1_186' title='bbox 327 2554 467 2614; x_wconf 90' lang='lat' dir='ltr'>dicuntur</span> <span class='ocrx_word' id='word_1_187' title='bbox 490 2551 531 2613; x_wconf 81' lang='grc' dir='ltr'>ἐν</span> <span class='ocrx_word' id='word_1_188' title='bbox 554 2555 600 2632; x_wconf 83' lang='grc' dir='ltr'>τῷ</span> <span class='ocrx_word' id='word_1_189' title='bbox 625 2549 801 2632; x_wconf 81' lang='grc' dir='ltr'>εὐαγγελίῳ</span> <span class='ocrx_word' id='word_1_190' title='bbox 826 2552 986 2628; x_wconf 87' lang='grc' dir='ltr'>ζητήματα</span> <span class='ocrx_word' id='word_1_191' title='bbox 1009 2572 1037 2631; x_wconf 92' lang='lat' dir='ltr'>p.</span> <span class='ocrx_word' id='word_1_192' title='bbox 1058 2550 1111 2629; x_wconf 84' lang='lat'>49,</span> <span class='ocrx_word' id='word_1_193' title='bbox 1135 2556 1246 2633; x_wconf 87' lang='lat' dir='ltr'>optime</span> <span class='ocrx_word' id='word_1_194' title='bbox 1269 2562 1372 2615; x_wconf 90' lang='lat' dir='ltr'>autem</span> 
     </span>
     <span class='ocr_line' id='line_1_22' title="bbox 220 2655 1371 2741; baseline 0.002 -22"><span class='ocrx_word' id='word_1_195' title='bbox 220 2680 248 2739; x_wconf 88' lang='lat' dir='ltr'>p.</span> <span class='ocrx_word' id='word_1_196' title='bbox 274 2657 337 2720; x_wconf 79' lang='lat'>155</span> <span class='ocrx_word' id='word_1_197' title='bbox 361 2657 521 2735; x_wconf 85' lang='grc' dir='ltr'>περὶτῶν</span> <span class='ocrx_word' id='word_1_198' title='bbox 545 2655 777 2734; x_wconf 84' lang='grc' dir='ltr'>ἀπορουμένων</span> <span class='ocrx_word' id='word_1_199' title='bbox 801 2657 842 2720; x_wconf 85' lang='grc' dir='ltr'>έν</span> <span class='ocrx_word' id='word_1_200' title='bbox 865 2663 903 2741; x_wconf 95' lang='grc' dir='ltr'>τῇ</span> <span class='ocrx_word' id='word_1_201' title='bbox 931 2663 1020 2740; x_wconf 84' lang='grc' dir='ltr'>καινῇ</span> <span class='ocrx_word' id='word_1_202' title='bbox 1045 2659 1176 2741; x_wconf 83' lang='grc' dir='ltr'>διαθήκῃ</span> <span class='ocrx_word' id='word_1_203' title='bbox 1200 2660 1371 2737; x_wconf 90' lang='grc' dir='ltr'>ζητήματα.</span> 
     </span>
     <span class='ocr_line' id='line_1_23' title="bbox 222 2765 1373 2849; baseline 0.001 -23"><span class='ocrx_word' id='word_1_204' title='bbox 222 2767 296 2827; x_wconf 88' lang='grc' dir='ltr'>Τυιιι</span> <span class='ocrx_word' id='word_1_205' title='bbox 322 2776 437 2827; x_wconf 88' lang='lat' dir='ltr'>veteres</span> <span class='ocrx_word' id='word_1_206' title='bbox 461 2768 623 2845; x_wconf 87' lang='lat' dir='ltr'>scriptores</span> <span class='ocrx_word' id='word_1_207' title='bbox 646 2765 739 2826; x_wconf 88' lang='lat' dir='ltr'>libros</span> <span class='ocrx_word' id='word_1_208' title='bbox 762 2769 802 2826; x_wconf 91' lang='lat' dir='ltr'>ita</span> <span class='ocrx_word' id='word_1_209' title='bbox 825 2766 990 2826; x_wconf 91' lang='lat' dir='ltr'>inscribere</span> <span class='ocrx_word' id='word_1_210' title='bbox 1020 2767 1166 2849; x_wconf 89' lang='lat' dir='ltr'>solebant,</span> <span class='ocrx_word' id='word_1_211' title='bbox 1195 2775 1229 2827; x_wconf 92' lang='lat' dir='ltr'>ut</span> <span class='ocrx_word' id='word_1_212' title='bbox 1251 2768 1281 2827; x_wconf 91' lang='lat' dir='ltr'>in</span> <span class='ocrx_word' id='word_1_213' title='bbox 1305 2769 1373 2846; x_wconf 89' lang='lat' dir='ltr'>ipsa</span> 
     </span>
     <span class='ocr_line' id='line_1_24' title="bbox 221 2873 1372 2953; baseline 0.002 -20"><span class='ocrx_word' id='word_1_214' title='bbox 221 2874 457 2952; x_wconf 89' lang='lat' dir='ltr'>uniuscuiusque</span> <span class='ocrx_word' id='word_1_215' title='bbox 480 2873 549 2933; x_wconf 90' lang='lat' dir='ltr'>libri</span> <span class='ocrx_word' id='word_1_216' title='bbox 572 2876 766 2953; x_wconf 88' lang='lat' dir='ltr'>inscriptione</span> <span class='ocrx_word' id='word_1_217' title='bbox 790 2877 974 2934; x_wconf 90' lang='lat' dir='ltr'>inveniretur</span> <span class='ocrx_word' id='word_1_218' title='bbox 1002 2873 1070 2934; x_wconf 93' lang='lat' dir='ltr'>libri</span> <span class='ocrx_word' id='word_1_219' title='bbox 1094 2892 1245 2935; x_wconf 91' lang='lat' dir='ltr'>numerus.</span> <span class='ocrx_word' id='word_1_220' title='bbox 1286 2875 1372 2945; x_wconf 83' lang='lat' dir='ltr'>Quae</span> 
     </span>
     <span class='ocr_line' id='line_1_25' title="bbox 217 2979 1372 3062; baseline 0.002 -22"><span class='ocrx_word' id='word_1_221' title='bbox 217 2999 290 3040; x_wconf 66' lang='lat' dir='ltr'>&#39;cum</span> <span class='ocrx_word' id='word_1_222' title='bbox 316 2983 357 3040; x_wconf 89' lang='lat' dir='ltr'>ita</span> <span class='ocrx_word' id='word_1_223' title='bbox 390 2983 462 3062; x_wconf 92' lang='lat' dir='ltr'>sint,</span> <span class='ocrx_word' id='word_1_224' title='bbox 493 2999 508 3039; x_wconf 88' lang='lat' dir='ltr'>a</span> <span class='ocrx_word' id='word_1_225' title='bbox 537 2999 605 3039; x_wconf 92' lang='lat' dir='ltr'>vero</span> <span class='ocrx_word' id='word_1_226' title='bbox 640 2983 685 3039; x_wconf 84' lang='lat' dir='ltr'>vix</span> <span class='ocrx_word' id='word_1_227' title='bbox 715 2979 931 3062; x_wconf 90' lang='lat' dir='ltr'>aberrabimus,</span> <span class='ocrx_word' id='word_1_228' title='bbox 964 2983 988 3040; x_wconf 94' lang='lat' dir='ltr'>si</span> <span class='ocrx_word' id='word_1_229' title='bbox 1016 2983 1056 3041; x_wconf 88' lang='lat' dir='ltr'>ita</span> <span class='ocrx_word' id='word_1_230' title='bbox 1086 2983 1245 3060; x_wconf 86' lang='lat' dir='ltr'>inscriptos</span> <span class='ocrx_word' id='word_1_231' title='bbox 1276 2982 1372 3042; x_wconf 87' lang='lat' dir='ltr'>luisse</span> 
     </span>
     <span class='ocr_line' id='line_1_26' title="bbox 222 3081 1374 3169; baseline 0.002 -22"><span class='ocrx_word' id='word_1_232' title='bbox 222 3106 379 3148; x_wconf 88' lang='lat' dir='ltr'>censemus</span> <span class='ocrx_word' id='word_1_233' title='bbox 412 3090 544 3167; x_wconf 87' lang='lat' dir='ltr'>quinque</span> <span class='ocrx_word' id='word_1_234' title='bbox 572 3081 623 3169; x_wconf 85' lang='lat' dir='ltr'>(de</span> <span class='ocrx_word' id='word_1_235' title='bbox 652 3105 776 3147; x_wconf 90' lang='lat' dir='ltr'>numero</span> <span class='ocrx_word' id='word_1_236' title='bbox 805 3088 841 3148; x_wconf 87' lang='lat' dir='ltr'>cl.</span> <span class='ocrx_word' id='word_1_237' title='bbox 870 3087 1026 3148; x_wconf 89' lang='lat' dir='ltr'>Duchesne</span> <span class='ocrx_word' id='word_1_238' title='bbox 1053 3107 1081 3166; x_wconf 88' lang='lat' dir='ltr'>p.</span> <span class='ocrx_word' id='word_1_239' title='bbox 1108 3083 1149 3147; x_wconf 85' lang='lat'>15</span> <span class='ocrx_word' id='word_1_240' title='bbox 1164 3082 1221 3169; x_wconf 85' lang='lat' dir='ltr'>sq.)</span> <span class='ocrx_word' id='word_1_241' title='bbox 1250 3089 1374 3149; x_wconf 90' lang='lat' dir='ltr'>Macarii</span> 
     </span>
     <span class='ocr_line' id='line_1_27' title="bbox 221 3189 1373 3273; baseline 0.003 -20"><span class='ocrx_word' id='word_1_242' title='bbox 221 3193 364 3273; x_wconf 84' lang='lat' dir='ltr'>Magnetis</span> <span class='ocrx_word' id='word_1_243' title='bbox 387 3193 492 3254; x_wconf 92' lang='lat' dir='ltr'>libros:</span> <span class='ocrx_word' id='word_1_244' title='bbox 526 3190 692 3268; x_wconf 84' lang='grc' dir='ltr'>Μακαρίαν</span> <span class='ocrx_word' id='word_1_245' title='bbox 717 3189 888 3270; x_wconf 88' lang='grc' dir='ltr'>Μάγνητα(</span> <span class='ocrx_word' id='word_1_246' title='bbox 913 3192 1102 3268; x_wconf 88' lang='grc' dir='ltr'>Μονογενὴ(</span> <span class='ocrx_word' id='word_1_247' title='bbox 1124 3192 1144 3269; x_wconf 84' lang='grc' dir='ltr'><strong>ἢ</strong></span> <span class='ocrx_word' id='word_1_248' title='bbox 1169 3191 1373 3271; x_wconf 86' lang='grc' dir='ltr'>ἀποκριτικὸ(</span> 
     </span>
     <span class='ocr_line' id='line_1_28' title="bbox 222 3297 1372 3383; baseline 0 -21"><span class='ocrx_word' id='word_1_249' title='bbox 222 3299 303 3377; x_wconf 89' lang='grc' dir='ltr'>πρὸ(</span> <span class='ocrx_word' id='word_1_250' title='bbox 325 3299 489 3376; x_wconf 78' lang='grc' dir='ltr'>Ἕλληνα(</span> <span class='ocrx_word' id='word_1_251' title='bbox 530 3299 611 3377; x_wconf 86' lang='grc' dir='ltr'>Περὶ</span> <span class='ocrx_word' id='word_1_252' title='bbox 637 3302 703 3362; x_wconf 84' lang='grc' dir='ltr'>τῶν</span> <span class='ocrx_word' id='word_1_253' title='bbox 727 3297 959 3377; x_wconf 89' lang='grc' dir='ltr'>ἀπορουμένων</span> <span class='ocrx_word' id='word_1_254' title='bbox 988 3300 1023 3363; x_wconf 85' lang='grc' dir='ltr'>ἐν</span> <span class='ocrx_word' id='word_1_255' title='bbox 1051 3305 1088 3382; x_wconf 89' lang='grc' dir='ltr'>τῇ</span> <span class='ocrx_word' id='word_1_256' title='bbox 1117 3306 1209 3383; x_wconf 87' lang='grc' dir='ltr'>καινῇ</span> <span class='ocrx_word' id='word_1_257' title='bbox 1238 3300 1372 3383; x_wconf 86' lang='grc' dir='ltr'>διαθήκῃ</span> 
     </span>
     <span class='ocr_line' id='line_1_29' title="bbox 222 3402 1372 3488; baseline -0.001 -17"><span class='ocrx_word' id='word_1_258' title='bbox 222 3405 408 3485; x_wconf 83' lang='grc' dir='ltr'>ζητημάτων</span> <span class='ocrx_word' id='word_1_259' title='bbox 432 3407 482 3468; x_wconf 81' lang='grc' dir='ltr'>καὶ</span> <span class='ocrx_word' id='word_1_260' title='bbox 506 3406 628 3472; x_wconf 79' lang='grc' dir='ltr'>λύιεων</span> <span class='ocrx_word' id='word_1_261' title='bbox 650 3405 747 3481; x_wconf 90' lang='grc' dir='ltr'>λόγο(</span> <span class='ocrx_word' id='word_1_262' title='bbox 767 3402 804 3485; x_wconf 81' lang='grc' dir='ltr'>α’,</span> <span class='ocrx_word' id='word_1_263' title='bbox 826 3402 861 3486; x_wconf 85' lang='grc' dir='ltr'>β’,</span> <span class='ocrx_word' id='word_1_264' title='bbox 881 3403 919 3486; x_wconf 83' lang='grc' dir='ltr'>γ’,</span> <span class='ocrx_word' id='word_1_265' title='bbox 939 3402 976 3485; x_wconf 88' lang='lat' dir='ltr'>b&#39;,</span> <span class='ocrx_word' id='word_1_266' title='bbox 997 3403 1030 3470; x_wconf 85' lang='grc' dir='ltr'>ε’.</span> <span class='ocrx_word' id='word_1_267' title='bbox 1068 3409 1101 3468; x_wconf 91' lang='lat' dir='ltr'>ln</span> <span class='ocrx_word' id='word_1_268' title='bbox 1125 3409 1234 3488; x_wconf 90' lang='lat' dir='ltr'>quibus</span> <span class='ocrx_word' id='word_1_269' title='bbox 1256 3411 1372 3470; x_wconf 91' lang='lat' dir='ltr'>inveni·</span> 
     </span>
     <span class='ocr_line' id='line_1_30' title="bbox 224 3515 1373 3599; baseline 0.002 -23"><span class='ocrx_word' id='word_1_270' title='bbox 224 3523 273 3576; x_wconf 91' lang='lat' dir='ltr'>tur</span> <span class='ocrx_word' id='word_1_271' title='bbox 292 3517 452 3594; x_wconf 82' lang='lat' dir='ltr'>disputatio</span> <span class='ocrx_word' id='word_1_272' title='bbox 471 3515 639 3594; x_wconf 91' lang='lat' dir='ltr'>philosophi</span> <span class='ocrx_word' id='word_1_273' title='bbox 658 3516 810 3576; x_wconf 86' lang='lat' dir='ltr'>cuiusdam</span> <span class='ocrx_word' id='word_1_274' title='bbox 831 3517 945 3599; x_wconf 87' lang='lat' dir='ltr'>Graeci,</span> <span class='ocrx_word' id='word_1_275' title='bbox 964 3520 1015 3596; x_wconf 94' lang='lat' dir='ltr'>qui</span> <span class='ocrx_word' id='word_1_276' title='bbox 1034 3517 1230 3579; x_wconf 86' lang='lat' dir='ltr'>Christianam</span> <span class='ocrx_word' id='word_1_277' title='bbox 1250 3526 1373 3578; x_wconf 91' lang='lat' dir='ltr'>accusat</span> 
     </span>
     <span class='ocr_line' id='line_1_31' title="bbox 203 3622 1372 3703; baseline 0.001 -20"><span class='ocrx_word' id='word_1_278' title='bbox 203 3622 406 3703; x_wconf 69' lang='lat' dir='ltr'>religionem,</span> <span class='ocrx_word' id='word_1_279' title='bbox 425 3642 492 3682; x_wconf 92' lang='lat' dir='ltr'>cum</span> <span class='ocrx_word' id='word_1_280' title='bbox 512 3622 791 3701; x_wconf 87' lang='lat' dir='ltr'>MacarioMagnete</span> <span class='ocrx_word' id='word_1_281' title='bbox 815 3624 922 3685; x_wconf 90' lang='lat' dir='ltr'>hahita.</span> <span class='ocrx_word' id='word_1_282' title='bbox 955 3625 1048 3696; x_wconf 83' lang='lat' dir='ltr'>Quam</span> <span class='ocrx_word' id='word_1_283' title='bbox 1068 3645 1100 3686; x_wconf 92' lang='lat' dir='ltr'>re</span> <span class='ocrx_word' id='word_1_284' title='bbox 1120 3644 1188 3685; x_wconf 90' lang='lat' dir='ltr'>vera</span> <span class='ocrx_word' id='word_1_285' title='bbox 1208 3642 1372 3702; x_wconf 89' lang='lat' dir='ltr'>numquam</span> 
     </span>
     <span class='ocr_line' id='line_1_32' title="bbox 223 3728 1372 3810; baseline -0.001 -21"><span class='ocrx_word' id='word_1_286' title='bbox 223 3732 263 3790; x_wconf 95' lang='lat' dir='ltr'>ita</span> <span class='ocrx_word' id='word_1_287' title='bbox 287 3728 415 3789; x_wconf 89' lang='lat' dir='ltr'>habitam</span> <span class='ocrx_word' id='word_1_288' title='bbox 440 3747 505 3788; x_wconf 90' lang='lat' dir='ltr'>esse</span> <span class='ocrx_word' id='word_1_289' title='bbox 529 3729 659 3790; x_wconf 89' lang='lat' dir='ltr'>ostendit</span> <span class='ocrx_word' id='word_1_290' title='bbox 682 3733 847 3791; x_wconf 90' lang='lat' dir='ltr'>orationum</span> <span class='ocrx_word' id='word_1_291' title='bbox 871 3731 1024 3810; x_wconf 85' lang='lat' dir='ltr'>longitudo</span> <span class='ocrx_word' id='word_1_292' title='bbox 1049 3741 1078 3793; x_wconf 90' lang='lat' dir='ltr'>et</span> <span class='ocrx_word' id='word_1_293' title='bbox 1101 3740 1236 3792; x_wconf 87' lang='lat' dir='ltr'>servatus</span> <span class='ocrx_word' id='word_1_294' title='bbox 1258 3733 1289 3791; x_wconf 90' lang='lat' dir='ltr'>in</span> <span class='ocrx_word' id='word_1_295' title='bbox 1311 3730 1372 3789; x_wconf 91' lang='lat' dir='ltr'>Ma-</span> 
     </span>
     <span class='ocr_line' id='line_1_33' title="bbox 223 3834 1373 3916; baseline 0.002 -20"><span class='ocrx_word' id='word_1_296' title='bbox 223 3838 295 3897; x_wconf 91' lang='lat' dir='ltr'>carii</span> <span class='ocrx_word' id='word_1_297' title='bbox 318 3834 546 3896; x_wconf 86' lang='lat' dir='ltr'>refutationibus</span> <span class='ocrx_word' id='word_1_298' title='bbox 574 3835 742 3915; x_wconf 93' lang='lat' dir='ltr'>philosophi</span> <span class='ocrx_word' id='word_1_299' title='bbox 766 3839 1004 3898; x_wconf 88' lang='lat' dir='ltr'>criminationum</span> <span class='ocrx_word' id='word_1_300' title='bbox 1028 3839 1110 3900; x_wconf 91' lang='lat' dir='ltr'>ordo.</span> <span class='ocrx_word' id='word_1_301' title='bbox 1152 3839 1247 3916; x_wconf 85' lang='lat' dir='ltr'>Atque</span> <span class='ocrx_word' id='word_1_302' title='bbox 1272 3839 1373 3898; x_wconf 85' lang='lat' dir='ltr'>ellecit</span> 
     </span>
     <span class='ocr_line' id='line_1_34' title="bbox 223 3938 1371 4024; baseline -0.001 -21"><span class='ocrx_word' id='word_1_303' title='bbox 223 3942 378 4003; x_wconf 86' lang='lat' dir='ltr'>Duchesne</span> <span class='ocrx_word' id='word_1_304' title='bbox 402 3961 430 4020; x_wconf 89' lang='lat' dir='ltr'>p.</span> <span class='ocrx_word' id='word_1_305' title='bbox 449 3938 490 4000; x_wconf 77' lang='lat'>21</span> <span class='ocrx_word' id='word_1_306' title='bbox 516 3961 549 4001; x_wconf 89' lang='lat' dir='ltr'>ex</span> <span class='ocrx_word' id='word_1_307' title='bbox 574 3942 691 4003; x_wconf 85' lang='lat' dir='ltr'>diverso</span> <span class='ocrx_word' id='word_1_308' title='bbox 711 3946 856 4004; x_wconf 92' lang='lat' dir='ltr'>sermonis</span> <span class='ocrx_word' id='word_1_309' title='bbox 875 3962 993 4024; x_wconf 85' lang='lat' dir='ltr'>genere,</span> <span class='ocrx_word' id='word_1_310' title='bbox 1017 3964 1076 4024; x_wconf 94' lang='lat' dir='ltr'>quo</span> <span class='ocrx_word' id='word_1_311' title='bbox 1094 3953 1252 4005; x_wconf 89' lang='lat' dir='ltr'>uterentur</span> <span class='ocrx_word' id='word_1_312' title='bbox 1275 3942 1371 4022; x_wconf 94' lang='lat' dir='ltr'>philo·</span> 
     </span>
     <span class='ocr_line' id='line_1_35' title="bbox 224 4048 1373 4131; baseline 0.001 -21"><span class='ocrx_word' id='word_1_313' title='bbox 224 4049 335 4129; x_wconf 89' lang='lat' dir='ltr'>sophus</span> <span class='ocrx_word' id='word_1_314' title='bbox 358 4056 388 4109; x_wconf 92' lang='lat' dir='ltr'>et</span> <span class='ocrx_word' id='word_1_315' title='bbox 410 4048 567 4129; x_wconf 90' lang='lat' dir='ltr'>Macarius,</span> <span class='ocrx_word' id='word_1_316' title='bbox 599 4058 765 4110; x_wconf 90' lang='lat' dir='ltr'>mutuatum</span> <span class='ocrx_word' id='word_1_317' title='bbox 791 4069 856 4111; x_wconf 90' lang='lat' dir='ltr'>esse</span> <span class='ocrx_word' id='word_1_318' title='bbox 885 4050 966 4111; x_wconf 94' lang='lat' dir='ltr'>illum</span> <span class='ocrx_word' id='word_1_319' title='bbox 995 4050 1162 4131; x_wconf 91' lang='lat' dir='ltr'>philosophi</span> <span class='ocrx_word' id='word_1_320' title='bbox 1186 4053 1308 4110; x_wconf 90' lang='lat' dir='ltr'>crimina</span> <span class='ocrx_word' id='word_1_321' title='bbox 1332 4069 1373 4111; x_wconf 83' lang='lat' dir='ltr'>ex</span> 
     </span>
     <span class='ocr_line' id='line_1_36' title="bbox 224 4155 1371 4237; baseline 0.002 -21"><span class='ocrx_word' id='word_1_322' title='bbox 224 4157 298 4218; x_wconf 92' lang='lat' dir='ltr'>libro</span> <span class='ocrx_word' id='word_1_323' title='bbox 323 4155 449 4234; x_wconf 89' lang='lat' dir='ltr'>quodam</span> <span class='ocrx_word' id='word_1_324' title='bbox 469 4163 572 4214; x_wconf 90' lang='lat' dir='ltr'>contra</span> <span class='ocrx_word' id='word_1_325' title='bbox 595 4155 778 4217; x_wconf 82' lang='lat' dir='ltr'>Christianos</span> <span class='ocrx_word' id='word_1_326' title='bbox 803 4160 922 4237; x_wconf 88' lang='lat' dir='ltr'>scripto.</span> <span class='ocrx_word' id='word_1_327' title='bbox 960 4157 1054 4228; x_wconf 84' lang='lat' dir='ltr'>Quam</span> <span class='ocrx_word' id='word_1_328' title='bbox 1074 4156 1276 4237; x_wconf 88' lang='lat' dir='ltr'>comprobavit</span> <span class='ocrx_word' id='word_1_329' title='bbox 1300 4176 1371 4218; x_wconf 94' lang='lat' dir='ltr'>con-</span> 
     </span>
    </p>
   </div>
   <div class='ocr_carea' id='block_1_3' title="bbox 224 4380 1372 4540">
    <p class='ocr_par' dir='ltr' id='par_1_3' title="bbox 224 4380 1372 4540">
     <span class='ocr_line' id='line_1_37' title="bbox 297 4380 1372 4450; baseline 0.005 -17"><span class='ocrx_word' id='word_1_330' title='bbox 297 4383 322 4448; x_wconf 88' lang='grc'>1)</span> <span class='ocrx_word' id='word_1_331' title='bbox 345 4380 386 4434; x_wconf 89' lang='lat' dir='ltr'>De</span> <span class='ocrx_word' id='word_1_332' title='bbox 405 4380 505 4447; x_wconf 86' lang='lat' dir='ltr'>quibus</span> <span class='ocrx_word' id='word_1_333' title='bbox 525 4382 651 4434; x_wconf 77' lang='lat' dir='ltr'>actorum</span> <span class='ocrx_word' id='word_1_334' title='bbox 675 4382 704 4434; x_wconf 79' lang='lat' dir='ltr'>et</span> <span class='ocrx_word' id='word_1_335' title='bbox 722 4380 904 4448; x_wconf 79' lang='lat' dir='ltr'>epistularum</span> <span class='ocrx_word' id='word_1_336' title='bbox 930 4383 999 4436; x_wconf 89' lang='lat' dir='ltr'>locis</span> <span class='ocrx_word' id='word_1_337' title='bbox 1023 4382 1199 4450; x_wconf 82' lang='lat' dir='ltr'>quaestiones</span> <span class='ocrx_word' id='word_1_338' title='bbox 1222 4381 1372 4438; x_wconf 83' lang='lat' dir='ltr'>institutae</span> 
     </span>
     <span class='ocr_line' id='line_1_38' title="bbox 224 4468 1249 4540; baseline 0.002 -18"><span class='ocrx_word' id='word_1_339' title='bbox 224 4469 291 4536; x_wconf 85' lang='lat' dir='ltr'>sint,</span> <span class='ocrx_word' id='word_1_340' title='bbox 311 4468 487 4537; x_wconf 81' lang='lat' dir='ltr'>intellegitur</span> <span class='ocrx_word' id='word_1_341' title='bbox 505 4486 538 4524; x_wconf 86' lang='lat' dir='ltr'>ex</span> <span class='ocrx_word' id='word_1_342' title='bbox 556 4469 694 4524; x_wconf 88' lang='lat' dir='ltr'>indicibus</span> <span class='ocrx_word' id='word_1_343' title='bbox 713 4468 791 4523; x_wconf 86' lang='lat' dir='ltr'>libris</span> <span class='ocrx_word' id='word_1_344' title='bbox 810 4470 893 4525; x_wconf 80' lang='lat' dir='ltr'>tertio</span> <span class='ocrx_word' id='word_1_345' title='bbox 913 4473 942 4525; x_wconf 84' lang='lat' dir='ltr'>et</span> <span class='ocrx_word' id='word_1_346' title='bbox 961 4473 1062 4539; x_wconf 76' lang='lat' dir='ltr'>quarto</span> <span class='ocrx_word' id='word_1_347' title='bbox 1080 4472 1249 4540; x_wconf 80' lang='lat' dir='ltr'>praemissis.</span> 
     </span>
    </p>
   </div>
   <div class='ocr_carea' id='block_1_4' title="bbox 0 0 1470 5040">
    <p class='ocr_par' dir='ltr' id='par_1_4' title="bbox 0 0 1470 5040">
     <span class='ocr_line' id='line_1_39' title="bbox 0 0 1470 5040; baseline 0 0"><span class='ocrx_word' id='word_1_348' title='bbox 0 0 1470 5040; x_wconf 95' lang='lat' dir='ltr'> </span> 
     </span>
    </p>
   </div>
  </div>
 </body>
</html>
