2926 5040
214 311 256 375 66
469 286 474 293 ⁸
724 309 814 379 Caput
832 311 852 362 l.

297 475 411 538 Memor
429 484 494 537 erat.
512 479 594 555 virgo
613 485 714 536 sancta
733 475 893 536 verborum
912 474 1066 557 Gabrielis,
1089 472 1141 536 sed
1161 493 1231 535 cum
1249 493 1364 556 corpus

209 582 319 644 Christi
352 585 527 644 incrementi
560 583 720 663 mulgeret,
753 601 812 642 non
845 582 930 662 plane
960 581 1149 662 intellegebat
1183 583 1363 661 mysterium

207 708 352 770 personae
376 693 449 753 eius.

764 810 794 876 5.

252 981 254 984 ι
295 939 340 1000 Ex
363 939 481 1002 loannis
504 941 677 1002 Damasceni
700 943 793 1000 sacris
817 939 963 1019 parallelis
986 958 1015 1019 p.
1034 935 1109 1000 339.

296 1045 363 1123 Οὐχ
371 1042 395 1127 1)
425 1044 455 1109 oi
483 1043 671 1125 άεεβοῡντεε
700 1043 812 1122 μόνον,
846 1041 929 1107 ἀλλὰ
957 1043 1008 1106 καὶ
1035 1042 1067 1106 οἱ
1094 1042 1267 1123 δυνάμενοι
1301 1047 1364 1124 μὲν
1420 1052 1426 1063 ’

207 1150 388 1228 ἀπαγαγεῖν
411 1157 468 1231 τῆε
487 1150 639 1232 ἀεεβείαε,
663 1153 703 1230 μὴ
727 1150 917 1231 βουλόμενοι
941 1151 976 1213 δὲ
997 1148 1041 1214 δι’
1059 1148 1157 1214 ὄκνον
1179 1153 1199 1230 ἢ
1218 1151 1273 1215 διὰ
1296 1153 1363 1215 νώ-

206 1256 336 1341 θειανέ)
361 1258 479 1338 δμοίωε
502 1258 700 1325 κολάζονται.

295 1368 327 1429 ln
353 1371 484 1448 margine
508 1368 679 1429 adnotatum
703 1377 749 1428 ost
777 1367 836 1428 τοῦ
860 1364 973 1444 αὐτοῦ,
1002 1369 1020 1429 i.
1041 1387 1065 1430 e.
1089 1367 1207 1429 loannis
1230 1368 1363 1450 Chryso·

207 1476 310 1556 stomi,
337 1478 423 1535 cuius
451 1477 682 1555 praemittuntur
705 1474 803 1535 verba.
844 1474 918 1534 Esse
946 1483 1044 1535 autem
1074 1474 1129 1535 hoc
1158 1475 1363 1556 fragmentum

204 1580 312 1661 Cyrillo
331 1581 523 1642 tribuendum
543 1600 633 1661 supra
653 1584 784 1661 exposui.
817 1580 878 1641 lam
898 1599 968 1641 voro
988 1581 1082 1641 codex
1100 1581 1364 1662 Rupeiucaldiuus

203 1688 279 1748 hanc
302 1690 525 1767 inscriptionem
550 1687 650 1749 habet:
673 1689 731 1749 τοῦ
756 1684 855 1749 αὐτοῦ
878 1685 913 1748 ἐκ
936 1688 994 1748 τοῦ
1018 1680 1047 1748 α’
1071 1686 1152 1764 πρὸε
1176 1683 1253 1771 (sic)
1277 1685 1360 1752 Ἰου-

204 1791 324 1856 λιανόν.
367 1795 400 1855 ln
428 1798 524 1875 primo
552 1805 652 1856 autem
676 1794 776 1874 Cyrilli
805 1795 880 1854 libro
909 1814 977 1856 cum
1005 1795 1078 1856 haec
1105 1795 1195 1856 verba
1223 1815 1285 1857 uon
1315 1801 1363 1859 in·

204 1905 361 1963 veniantur
385 1920 482 1980 neque
506 1905 537 1962 in
561 1901 653 1963 altero
677 1920 774 1980 usque
798 1902 832 1961 ad
852 1902 1015 1984 decimum,
1039 1895 1068 1964 α’
1093 1913 1271 1983 corruptum
1291 1923 1363 1965 esse

204 2009 276 2069 mihi
296 2009 413 2069 videtur
432 2027 468 2069 ex
487 2000 543 2090 tu'3
562 2027 619 2088 qua
634 2009 810 2070 emendandi
829 2011 943 2070 ratione
959 2012 1047 2070 etiam
1066 2012 1185 2090 saepius
1199 2028 1277 2090 opus
1291 2014 1363 2073 erit.

673 2187 885 2194 -——.—-.

652 2314 702 2373 Ex
725 2315 804 2374 libro
827 2314 902 2373 XII.

695 2424 792 2535 e.

291 2597 412 2659 Initium
437 2601 515 2678 oepit
538 2598 613 2659 liber
637 2598 830 2659 duodecimus
854 2618 870 2658 a
893 2597 992 2658 verbis
1015 2597 1161 2672 πειρᾶται
1184 2598 1244 2675 μὲν
1268 2595 1289 2660 ὁ
1315 2596 1363 2662 δι’

204 2700 359 2765 ἐναντίαε.
393 2703 434 2764 uf.
454 2703 556 2785 Mami,
579 2723 653 2764 sacr.
674 2705 777 2765 concil.
796 2723 870 2766 nova
889 2705 1024 2766 collectio
1043 2703 1084 2765 XI
1102 2725 1130 2786 p.
1149 2701 1266 2767 4091t:
1289 2701 1362 2768 Ἐτι

205 2806 390 2885 ἀνεγνώεθη
414 2808 449 2872 ἐκ
471 2807 648 2871 colleprosi
672 2807 820 2879 κωδικίου
844 2813 950 2888 χρῆειε
973 2813 1031 2873 τοῦ
1055 2808 1155 2872 αὐτοῦ
1179 2808 1273 2886 ἁγίου
1298 2812 1360 2874 Κυ-

204 2913 314 2991 ρίλλου
344 2915 378 2978 ἐκ
406 2919 464 2978 τοῦ
492 2915 572 2978 κατὰ
599 2917 665 2978 τῶν
693 2904 867 2979 Ἰουλιανοῦ
897 2915 1067 2995 δογμάτων
1097 2916 1217 2996 βιβλίου
1246 2916 1361 2995 τρίτου

203 3019 268 3084 ἀπὸ
284 3020 384 3097 λόγου
401 3021 593 3101 δωδεκάτου,
608 3020 647 3085 οὗ
661 3024 681 3101 ἡ
695 3020 790 3103 ἀρχή·
804 3026 950 3102 πειρᾶται
965 3025 1023 3102 μὲν
1042 3023 1061 3086 ὁ
1076 3022 1116 3087 δι’
1129 3023 1279 3087 ἐναντίαε
1294 3024 1361 3088 κτὲ.

762 3217 791 3282 t.

291 3344 335 3406 Ex
354 3345 454 3405 loann.
474 3344 604 3429 Damaso.
625 3363 652 3424 p.
668 3341 741 3406 593,
775 3344 844 3406 βοά.
864 3346 982 3426 Repel:
1004 3348 1063 3408 τοῦ
1082 3343 1175 3420 ἁγίου
1196 3343 1360 3423 Καμίλλου

202 3447 441 3526 Ἀλεξανδρεία(
465 3450 500 3513 ἐκ
522 3453 580 3513 τοῦ
605 3443 647 3529 ιβ’
674 3449 793 3543 βιβλίου
816 3453 883 3513 τῶν
907 3450 985 3514 κατὰ
1008 3447 1223 3533 Ἰουλιανοῦ.“)

292 3557 431 3633 Δέχεται
454 3556 505 3619 καὶ
529 3556 601 3618 λίαν
624 3554 767 3634 άτμένωε
789 3559 855 3620 τῶν
881 3558 1127 3635 μετανοούντων
1150 3557 1208 3620 τὸν
1232 3561 1361 3636 θρῆνον

202 3662 283 3741 πρὸ(
321 3660 481 3740 ἀνάληψιν
521 3663 750 3740 εὐδοκιμήεεωε
786 3663 837 3725 καὶ
872 3662 1036 3741 εὐκοεμίαε
1069 3658 1261 3748 λυειτελῆ·*)
1307 3665 1362 3729 καὶ

202 3767 333 3847 ἄμεινον
356 3770 407 3847 τὸ,
436 3770 510 3848 πρὶν
534 3774 730 3852 παραετῆνᾳι
757 3774 803 3853 τῷ
832 3771 943 3849 βήματι
970 3774 1029 3833 τοῦ
1054 3771 1201 3849 Χριετοΰ,
1229 3772 1361 3836 παντὸε

202 3999 245 4051 est
267 3997 369 4052 Iuliani
391 3997 593 4066 fragmentum,
618 3997 693 4064 quod
720 3995 749 4049 in
771 3996 844 4050 libro
867 3995 914 4051 XI.
943 3996 1020 4050 sexto
1043 3997 1105 4051 loco
1132 3996 1256 4068 positum
1284 4004 1360 4073 erat,

201 4104 257 4141 una
276 4105 340 4140 cum
359 4085 458 4156 Cyrilli
475 4103 616 4155 responso.

274 4178 300 4245 1)
319 4177 378 4229 Οὐκ
395 4174 528 4244 Lequien.

273 4267 299 4333 2)
318 4268 438 4320 collector
457 4265 563 4334 scripsi.
587 4263 699 4319 νοθείαν
718 4265 849 4334 Lequien.

260 4355 301 4426 Ι3)
321 4356 467 4409 Ἰουλιανόν
486 4354 619 4423 Loquien.
639 4356 787 4408 Ἰουλιανοῦ
807 4354 912 4424 scripsi.

273 4445 301 4511 4)
319 4446 442 4512 λυειτελή
462 4444 568 4514 scripsi.
587 4446 721 4499 λυειτελὲε
739 4445 872 4514 Loquien.
