2926 5040
484 348 525 403 De
544 349 646 403 Iuliani
665 349 799 404 librorum
818 350 892 405 fatis.
1217 352 1257 415 21

110 513 184 591 περὶ
212 517 288 576 θεοῦ
316 514 502 592 ποιήεαεθαι
529 513 661 592 λόγους,
694 513 768 578 οὔτε
797 513 932 593 ἔχοντα(
960 515 1064 594 ὀρθῶς
1092 517 1167 582 οὔτε
1198 520 1259 597 μὴν

110 619 262 685 tondeo(
281 621 368 705 αὐτῷ
393 619 448 705 (sc.
467 619 547 707 θεῷ)
572 622 756 699 γεγονόταε.
795 624 874 686 ποτὲ
898 624 933 686 δὲ
957 623 1015 687 τὸν
1035 621 1169 702 ”eropon
1194 623 1258 709 eqo

108 728 239 807 γμώμη(
271 727 352 792 ἰδία(
384 733 652 807 προεεπενεγκεῖν
685 749 756 793 τινα
788 729 984 794 διατείνεται.
1031 732 1135 793 Differt
1166 736 1258 813 igitur

107 837 239 898 lulianus
261 857 296 898 eo
320 857 336 898 a
355 838 545 919 philosopho,
568 839 646 918 quod
666 858 734 899 cum
754 838 802 899 ille
822 842 981 918 quicquam
999 840 1089 900 Mosis
1109 847 1257 901 servatum

107 964 174 1006 esse
198 953 294 1025 neget,
318 947 415 1005 omnia
438 944 474 1004 ab
493 943 587 1005 Esdra
607 964 672 1006 esse
695 949 845 1026 supposita
866 947 1038 1030 contendat,
1058 949 1121 1026 ipse
1141 956 1257 1008 exstare

108 1053 229 1131 quidem
253 1060 355 1112 censet
378 1052 467 1111 Mosis
490 1051 596 1126 libros,
623 1053 675 1112 sed
700 1053 736 1113 ab
760 1053 854 1113 Esdra
878 1072 942 1113 esse
968 1054 1110 1131 quaedam
1135 1055 1256 1116 adiecta.

106 1159 167 1219 lam
192 1178 272 1219 nunc
291 1159 413 1219 dubium
439 1178 497 1218 non
521 1167 579 1240 est,
605 1161 675 1238 quio
695 1159 771 1220 alius
790 1163 828 1220 sit
852 1160 1044 1240 philosophus
1062 1162 1255 1244 MacarianuS,

106 1267 182 1327 alius
206 1267 337 1328 lulianus
359 1269 529 1346 imperator.
563 1266 621 1326 Sed
645 1270 814 1328 meminerit
838 1269 913 1328 sorte
938 1271 1084 1349 quispiam
1109 1276 1253 1330 trecento-

107 1392 174 1434 rum
198 1372 315 1434 iIlorum
334 1392 493 1453 annorum,
519 1392 593 1452 quos
617 1382 685 1453 post
704 1373 814 1435 Christi
838 1383 963 1435 mortem
987 1377 1140 1436 transiisse
1164 1377 1256 1455 philo-

106 1481 219 1560 sophus
247 1481 326 1541 dicit.
364 1480 421 1541 Sed
454 1499 521 1540 eum
555 1499 716 1541 memorem
745 1500 810 1542 esse
843 1482 932 1542 iubeo
960 1482 1108 1562 dialogum
1136 1485 1255 1543 finxisse

104 1588 274 1649 Macarinm.
306 1587 409 1667 Itaque
430 1607 517 1668 quam
541 1590 572 1648 in
595 1588 670 1649 libro
691 1608 778 1668 quem
799 1591 956 1669 exscripsit
979 1592 1092 1649 invenit
1115 1593 1258 1670 temporis

104 1696 329 1776 discriptionem
352 1731 396 1739 -
425 1716 512 1776 quam
542 1716 599 1756 non
629 1697 773 1757 adiectam
801 1716 867 1757 esse
897 1696 932 1756 ab
966 1715 1016 1778 eo,
1048 1697 1100 1757 sed
1128 1696 1164 1757 ab
1192 1700 1257 1777 ipso

103 1822 217 1882 pagano
240 1806 366 1882 positam
387 1806 601 1864 sententiarum
621 1804 693 1863 ordo
718 1804 862 1864 docet-
887 1811 1027 1864 mutatam
1051 1823 1122 1865 suae
1144 1824 1257 1865 accom-

104 1909 234 1969 modavit
256 1905 385 1991 aetati.¹)
421 1911 524 1989 Neque
548 1929 619 1970 vero
643 1914 801 1990 quicquam
822 1929 888 1971 eum
914 1921 1043 1973 mutasse
1068 1930 1176 1996 censeo
1200 1914 1258 1972 nisi

105 2016 184 2096 quod
217 2025 368 2078 trecentos
398 2019 499 2096 posuit
528 2036 635 2098 annos,
666 2017 718 2078 uhi
748 2019 870 2078 ducenti
900 2021 929 2078 in
961 2019 1062 2078 codice
1094 2019 1256 2079 exstabant.

104 2124 240 2196 Quodsi
265 2143 381 2185 mecum
414 2127 520 2185 statuis
547 2127 577 2184 in
601 2124 797 2205 Porphyrium
823 2126 947 2205 quadrat
976 2134 1143 2204 temporum
1173 2128 1257 2209 ratio,

106 2250 194 2309 quern
215 2232 375 2291 refutatum
400 2250 465 2292 esse
488 2251 502 2291 a
522 2231 909 2311 Macario‘Wagenmannus
932 2235 990 2292 iam
1011 2234 1147 2312 coniecit,
1171 2234 1256 2293 cuius

103 2340 141 2400 dc
165 2337 328 2418 Porphyrio
353 2346 382 2398 et
405 2340 577 2418 fragmentis
606 2342 742 2419 anonymi
771 2340 943 2399 Macarianis
972 2346 1068 2399 exstat
1095 2339 1255 2419 disputatio

101 2432 135 2507 iu
159 2445 313 2506 annalibus
332 2448 384 2525 iic,
408 2448 459 2524 qui
481 2445 688 2506 inscribuntur
710 2445 898 2506 Jahrbircher
921 2447 969 2506 liar
993 2445 1136 2506 deutsche
1160 2445 1254 2506 Theo·

103 2553 190 2633 logie.
213 2552 267 2612 vol.
287 2550 388 2611 XXIII.
414 2549 498 2613 1878
524 2553 593 2612 iaso.
614 2550 643 2612 2.
671 2573 699 2632 p.
715 2550 778 2613 269
790 2571 853 2631 sqq.
901 2552 1015 2624 Quibus
1044 2551 1080 2612 de
1110 2553 1254 2632 fragmen-

102 2663 143 2720 tis
167 2678 234 2719 cum
263 2661 431 2719 accuratius
459 2659 529 2718 mihi
560 2661 705 2738 agendum
738 2662 777 2719 sit
804 2662 834 2718 in
864 2662 1043 2739 scriptorum
1073 2658 1254 2721 Graecorum

103 2768 156 2846 qui
183 2765 379 2826 Christianam
407 2769 655 2845 impugnaverunt
687 2767 860 2845 religionem
889 2766 1029 2826 fasciculo
1060 2767 1167 2848 altero,
1195 2786 1254 2847 quo

102 2875 267 2952 fragmenta
289 2871 446 2952 Porphyrii
470 2881 500 2933 et
524 2873 669 2933 Hieroclis
694 2873 816 2933 collecta
840 2880 1055 2954 proponentur,
1079 2891 1158 2933 nunc
1183 2876 1253 2934 satis

102 2979 198 3040 habeo
220 2980 280 3051 duo
304 2986 477 3058 argumenta
502 2979 644 3059 attulisse,
668 2979 778 3059 quibus
802 2981 977 3040 confirmare
1003 2997 1048 3039 me
1073 2998 1160 3059 posse
1180 2988 1253 3060 puto

102 3087 260 3166 Porphyrii
284 3105 417 3166 magnam
441 3094 556 3165 partem
580 3105 595 3146 a
618 3086 745 3147 Macerio
770 3087 855 3147 nobis
879 3105 945 3147 esso
969 3094 1123 3147 servatam.
1160 3087 1194 3147 In
1218 3106 1253 3147 eo

103 3197 192 3275 enim,
216 3194 331 3272 dequo
351 3194 438 3253 modo
459 3195 504 3272 egi
525 3194 689 3272 fragmento
712 3213 740 3272 p.
761 3190 813 3275 54,
832 3190 853 3254 5
876 3194 956 3254 mille
981 3201 1101 3254 centum
1125 3202 1155 3254 et
1173 3201 1254 3254 octo-

102 3305 183 3382 ginta
208 3304 291 3361 annis
314 3308 382 3379 post
409 3300 499 3360 Mosis
524 3307 648 3359 mortem
678 3318 730 3360 sua
754 3299 863 3360 Esdras
893 3299 1004 3360 dicitur
1032 3302 1253 3379 conscripsisse.

101 3407 159 3468 Ubi
183 3409 304 3468 minimo
327 3409 471 3466 intererat
499 3409 575 3466 scire
600 3414 742 3485 quantum
772 3407 877 3467 luisset
900 3413 1018 3484 tempus
1041 3408 1120 3465 inter
1142 3406 1254 3466 Mosem

103 3525 133 3576 et
147 3515 282 3596 Esdram,
302 3514 411 3575 nedum
428 3491 503 3592 opus
519 3514 624 3573 luisset
643 3522 702 3573 tarn
718 3521 854 3574 accurata
870 3522 1038 3592 temporum
1053 3513 1254 3592 discriptione.

102 3622 180 3694 Quid
204 3624 295 3700 igitur
316 3621 507 3681 uerisimilius
537 3638 624 3699 quam
649 3618 684 3679 ab
709 3638 744 3679 eo
772 3619 851 3680 bunc
879 3620 977 3680 locum
1007 3639 1071 3680 esse
1101 3622 1255 3701 scriptum,

101 3732 153 3808 qui
177 3737 345 3807 temporum
369 3726 533 3787 rationibus
562 3726 738 3786 deliniendis
763 3729 917 3786 maximam
942 3745 1062 3806 operam
1091 3735 1255 3808 navaverat,

101 3839 153 3916 qui
181 3839 245 3914 ipse
270 3852 388 3913 quoque
418 3851 493 3912 opus
516 3832 757 3912 chronologicum
782 3835 1015 3914 conscripserat,
1043 3833 1070 3893 h.
1095 3853 1119 3893 e.
1143 3852 1159 3892 a
1182 3832 1254 3892 Por-

99 3939 228 4023 phyrio?
270 3941 366 4012 Quem
390 3947 489 4000 autem
517 3943 632 4019 potiore
657 3943 770 4000 ratione
800 3947 963 4000 statuemus
992 3960 1019 4019 p.
1040 3937 1083 3999 94
1097 3959 1139 4019 sq.
1168 3939 1254 4000 vehe-

100 4051 285 4111 mentissime
305 4049 453 4109 invectum
473 4066 539 4108 esse
564 4050 595 4106 in
614 4055 832 4107 sacramentum
852 4049 986 4126 corporis
1006 4048 1154 4128 dominici,
1174 4046 1253 4124 quod

100 4160 228 4216 immane
259 4162 337 4214 esset
363 4153 492 4215 hominis
521 4174 609 4215 carne
637 4154 787 4213 hominem
812 4157 904 4235 vesci,
934 4171 1022 4233 quam
1046 4172 1114 4213 eum
1139 4156 1190 4231 qui
1217 4154 1253 4214 ab

100 4261 277 4325 animalibus
300 4264 420 4321 omnino
448 4262 566 4323 iuberet
589 4261 752 4341 abstinere,
781 4262 867 4322 cuius
890 4262 990 4334 etiamr
1007 4279 1061 4319 nos
1089 4261 1253 4339 gaudemus

100 4379 243 4451 quattuor
266 4367 350 4428 libris
373 4366 446 4443 περὶ
469 4364 594 4444 ἀποχῇ(
617 4364 794 4443 ἐμψύχωνῗ

100 4469 317 4485 -υ-σ-α--ῌ

174 4507 200 4575 1)
220 4503 261 4559 De
280 4502 396 4558 Macorii
414 4505 508 4558 aetate
528 4503 563 4558 cf.
581 4502 783 4575 digressionem
803 4503 876 4558 infra
893 4501 1023 4572 positam.
