2926 5040
226 366 268 429 74
729 369 821 440 Caput
838 371 859 425 Ι.

310 536 505 598 Inveniuntur
535 537 608 597 haee
640 539 670 598 in
698 536 800 598 Leoni.
829 546 858 598 et
886 538 985 599 ioann.
1013 537 1089 598 libro
1118 539 1146 600 i:
1161 536 1228 601 226
1264 542 1307 601 ite
1336 542 1381 601 in-

222 645 345 722 scripta:
368 640 434 704 Τοῡ
459 636 612 720 μακαρίόυ
638 641 792 720 Κυρίλλου
816 640 1055 720 Ἀλεξανδρείας
1080 643 1116 707 ἐκ
1138 647 1197 707 τοῦ
1221 638 1248 708 ε’
1275 643 1379 724 λόγου

221 750 287 810 τῶν
314 745 394 809 κατὰ
417 744 599 810 Ἰουλιανοῡ.
641 750 723 822 Quae
753 769 821 811 curn
849 753 879 812 in
908 750 1008 830 Gyrilii
1036 751 1121 812 libris
1150 754 1248 833 prime
1279 772 1380 834 usque

221 854 256 916 ad
280 854 429 916 decimum
452 874 512 916 nen
536 865 666 938 exstent,
697 855 743 919 ἐκ,
754 858 812 919 τοῦ
836 849 861 918 ε’
885 853 985 930 λόγου
1010 858 1186 920 mutandum
1208 877 1279 921 esse
1302 860 1380 922 mihi

221 961 338 1023 videtur
360 961 396 1024 ἐκ
418 964 476 1023 τοῦ
501 955 536 1024 ιε’
561 960 669 1037 λόγου.
709 965 849 1044 Spectare
868 972 967 1025 autern
987 982 1095 1025 censeo
1118 964 1192 1027 haee
1211 965 1317 1047 Gyrilli
1342 968 1379 1029 sd

220 1070 363 1149 quaedam
392 1070 509 1152 Iuliani,
540 1091 615 1152 qnae
647 1092 683 1133 ne
712 1073 838 1152 Cyrillus
868 1073 987 1152 quidem
1021 1074 1190 1154 vituperare
1225 1078 1378 1158 potuer-in

219 1180 276 1238 iam
301 1196 370 1238 vere
398 1180 549 1259 exposuit,
578 1198 636 1259 que
661 1180 747 1240 mode
770 1181 869 1262 fieret,
897 1189 930 1241 ut
957 1181 1047 1241 eiiam
1074 1183 1105 1241 in
1133 1180 1380 1246 adversariorum

219 1283 302 1344 libris
325 1286 530 1359 invenirentur
554 1286 632 1348 haud
659 1288 835 1367 resp'uenda.
982 1275 984 1278 ’

685 1464 896 1473 ...η-...ή-

660 1593 710 1652 Ex
733 1594 811 1653 libro
835 1594 923 1653 XVI.

764 1750 816 1814 26.

310 1877 354 1937 Ex
378 1877 486 1938 Leont.
512 1885 542 1936 et
565 1877 664 1937 ioann.
687 1897 715 1956 p.
738 1874 808 1938 108.
846 1872 895 1940 Ἐκ
922 1879 980 1938 τοῦ
1003 1869 1043 1942 ις’
1072 1873 1174 1951 λόγου
1200 1881 1272 1943 τῶν
1300 1881 1387 1946 κατὰ

217 1981 400 2076 Ἰουλιανοῦ.
408 1979 432 2063 1)
1111 2064 1123 2091 ·

306 2090 380 2154 Πᾶν
399 2088 529 2167 αἰςχρὸν
549 2089 599 2152 καὶ
613 2087 749 2153 ἀκαλλὲς
768 2089 818 2153 καὶ
837 2094 905 2153 τοῖς
921 2088 957 2153 εὖ
978 2094 1068 2170 βιοῦν
1085 2091 1259 2173 ᾐρημένοις
1278 2091 1382 2175 ἀνάρ-

219 2217 335 2275 μοετον
362 2197 399 2259 τὸ
429 2196 566 2275 ὑβρίζειν
595 2197 658 2260 ἐςτὶ
685 2197 737 2260 καὶ
764 2197 823 2260 οὐκ
850 2194 890 2260 ἄν
920 2218 967 2271 τις
995 2196 1043 2276 εἴη
1071 2202 1219 2263 τοιοῦτος
1248 2203 1320 2265 τῶν
1345 2201 1407 2267 ἐν.

217 2305 325 2383 ἐφὲςει
349 2303 538 2382 ςεμνότητος
560 2304 612 2368 καὶ
635 2303 811 2368 ἐπιεικείας.

308 2413 430 2475 Videtur
455 2415 547 2474 fuisse
571 2413 627 2474 hec
651 2414 849 2493 fragmentum
873 2416 903 2474 in
929 2414 998 2475 libri
1020 2419 1182 2494 prooemio.

764 2590 816 2653 27.

306 2717 349 2777 Ex
369 2717 471 2778 Leoni.
491 2727 520 2778 ei
539 2720 637 2779 lnenn.
657 2738 685 2798 p.
701 2715 752 2778 99.
791 2713 839 2778 Ἐκ
858 2720 916 2779 τοῦ
937 2710 976 2782 ις’
1000 2719 1066 2780 τῶν
1085 2716 1166 2780 κατὰ
1186 2713 1379 2784 Ἰουλιανοῦ.

306 2821 382 2886 Τοῖς
415 2819 523 2900 ἀριςτα
550 2827 724 2900 γεηπονεῑν
757 2822 934 2900 ἠθιςμένοιε
963 2822 1073 2887 ἕποιτο
1104 2822 1144 2887 ἀν
1172 2822 1309 2889 εἰκότως
1339 2827 1378 2890 τὸ

217 2927 411 2993 ἐπαινεῑςθαι
438 2933 515 2993 δεῖν.

763 3054 814 3118 28.
837 3116 841 3125 ,

305 3183 348 3243 Ex
372 3183 475 3244 Leoni.
503 3189 534 3243 et
557 3183 656 3242 ieenn,
679 3202 707 3261 p.
731 3179 801 3242 101.
838 3178 888 3243 Ἐκ
910 3183 969 3242 τοῦ
997 3173 1036 3245 ις’
1066 3177 1167 3255 λόγου
1193 3184 1262 3246 τῶν
1294 3183 1379 3249 κατὰ

215 3283 400 3353 Ἰουλιανοῦ.

305 3393 404 3481 Ἐπί)
429 3397 464 3459 δὲ
490 3397 541 3458 καὶ
560 3392 847 3480 ἀνάλογοςίλτοῑς
866 3392 998 3458 ἑκάςτου
1017 3394 1257 3474 κατορθώμαςιν
1277 3398 1300 3477 ἡ
1319 3404 1379 3479 τῆς

217 3501 349 3582 ἀμοιβῆς
373 3502 551 3568 ἀντέκτιςις.
590 3503 752 3567 ἰςοπαλεῑς
777 3507 845 3566 τοῑς
868 3501 995 3580 ἱδρώειν
1019 3502 1051 3565 αἱ
1071 3501 1198 3582 ἀμοιβαὶ
1221 3508 1294 3569 τοῖς
1319 3505 1377 3571 ἀν-

217 3613 392 3689 δραγαθεῖν
415 3612 584 3693 ᾐρημένοις
608 3611 871 3690 ἑκνεμεθήςονται
895 3609 982 3687 παρὰ
1005 3613 1091 3673 θεοῦ.
1129 3613 1378 3694 πληροφορήεει

217 3717 278 3795 γὰρ
302 3718 353 3780 καὶ
381 3718 477 3781 αὐτὸς
506 3717 665 3796 ὁςωτὴρ,
693 3719 754 3796 τὴν
780 3720 847 3780 τῶν
866 3707 1034 3779 ταλάντων
1063 3719 1219 3796 διανομὴν
1246 3718 1311 3783 οὐκ
1339 3721 1378 3786 ἐν

216 3824 273 3908 ’ίςιρ
298 3826 401 3907 μέτρῳ
420 3827 565 3901 γενέςθαι
585 3827 699 3903 λέγων,
722 3823 869 3888 καθιςτὰς
891 3824 926 3886 δὲ
945 3826 1011 3887 τῶν
1031 3822 1292 3903 εὐδοκιμηκότων
1315 3828 1377 3893 τόν

218 3933 274 4011 μὲν
289 3932 341 3997 ἐπὶ
357 3932 432 3995 δέκα
451 3931 590 4009 πόλεων,
609 3932 667 3995 τὸν
682 3933 717 3994 δὲ
732 3931 784 3995 ἐπὶ
802 3932 912 3995 πέντε·
931 3929 1160 3995 ταλαντεύεται
1178 3931 1240 4010 γὰρ
1261 3932 1376 4015 ὥςπερ

218 4038 236 4102 ὁ
256 4038 388 4103 ἑκάςτου
409 4039 483 4118 βίος,
502 4039 554 4102 καὶ
573 4039 766 4117 ἰςοςτατήςει
785 4058 849 4101 που
868 4036 998 4101 πάντως
1016 4041 1073 4116 τῆς
1091 4037 1182 4115 ἡμῶν
1200 4038 1378 4107 ἐπιεικείας

216 4144 437 4223 ἡάντέκτιςις.

291 4342 316 4409 1)
337 4343 483 4394 Ἰουλιανοῠ
503 4339 633 4410 Mignius.
654 4340 800 4393 Ἰουλιανόν
819 4337 919 4392 Maius.

289 4431 316 4497 2)
336 4428 394 4483 Ἔτι
413 4427 517 4499 scripsi.
537 4429 580 4481 ότι
598 4427 696 4482 Maius.

235 4585 241 4598 ⁸
289 4518 316 4584 3)
335 4517 471 4583 ἀνάλογος
490 4516 595 4587 scripsi.
614 4517 758 4583 ἀναλόγως
777 4514 876 4571 Maius.
