2926 5040
203 317 244 379 78
712 318 804 387 Capul
821 317 842 370 I.

201 477 272 542 ‘non
292 482 372 560 quod
391 484 482 543 intrat
500 485 529 543 in
545 501 588 564 os,
607 486 787 543 contaminat
807 477 983 564 hominem’‚·
1001 500 1060 543 non
1076 481 1224 545 subvertit
1241 483 1357 564 legem3

200 591 256 650 scit
279 592 357 650 enim
386 589 522 650 umbram
550 603 709 650 comesse
740 608 773 650 ac
801 598 903 669 typum
930 597 976 670 et,
1004 607 1063 667 quo
1093 592 1184 669 magis
1214 590 1358 651 homines

199 696 384 775 praeferrent
403 697 543 758 recedere
564 696 600 757 ah
619 699 745 777 impuris
764 691 971 779 (hominibus),
995 715 1031 756 eo
1049 696 1205 776 pulchrius
1224 698 1357 778 impleri.

198 802 300 881 Neque
325 805 404 863 enim
428 821 495 864 esca
520 822 573 864 nos
603 802 886 885 commendatum,
914 822 1011 885 neque
1041 822 1111 864 vero
1140 807 1165 865 si
1193 805 1356 867 manduca-

198 911 337 990 verimuS,
361 909 541 991 deficiemus,
566 912 643 971 sicut
662 912 808 990 scriptum
827 918 873 970 est
891 905 918 993 (l
938 909 1004 970 Cor.
1020 907 1050 991 8,
1066 906 1110 991 8).
1143 911 1357 973 Contaminant

198 1024 296 1078 antem
321 1035 353 1076 re
377 1035 460 1098 vera,
483 1035 558 1095 quac
583 1027 693 1078 exeunt
715 1036 770 1097 per
794 1037 827 1077 os
851 1026 881 1078 ct
903 1017 1046 1097 linguam:
1075 1021 1221 1101 convicia,
1248 1037 1356 1099 repre·

197 1123 366 1203 hensiones,
390 1123 563 1206 calumniae,
585 1124 783 1204 blasphemiae
803 1134 833 1185 ct
853 1143 927 1203 quae
948 1124 1095 1186 ebulliunt
1113 1144 1149 1186 ex
1168 1125 1270 1208 corde,
1293 1128 1312 1187 i.
1328 1144 1356 1187 e.

199 1248 235 1289 ex
262 1229 347 1291 malis
376 1231 617 1310 cogitationibus:
651 1232 723 1293 haec
751 1240 835 1314 sunt,
868 1249 943 1310 quae
971 1235 1173 1293 contaminant
1199 1233 1358 1293 hominem

90 1334 96 1344 “
199 1337 363 1398 secundum
393 1337 506 1399 dictum
534 1337 692 1399 Salvatoris
720 1333 835 1419 (Matth.
857 1333 988 1419 15,19).
1032 1338 1135 1400 Omnis
1161 1341 1240 1400 enim
1267 1338 1358 1399 cibus

199 1444 324 1524 pulcher
347 1453 377 1504 ct
400 1444 473 1505 nihil
496 1445 680 1505 reiciendum
704 1447 788 1524 quasi
813 1454 918 1506 natura
941 1447 1101 1524 impurum.
1142 1444 1359 1523 Sanctificetur
1438 1443 1442 1451 '

200 1553 280 1611 enim
301 1569 356 1630 per
379 1550 502 1611 verbum
527 1550 579 1611 Dei
603 1559 633 1611 ot
656 1553 820 1619 orationem
844 1546 871 1631 (l
890 1550 964 1611 Tim.
980 1547 1014 1630 4,
1029 1544 1074 1633 5).

746 1727 799 1792 32.

290 1853 466 1934 Capitulum.
497 1854 653 1917 bominum
678 1864 814 1916 nostrum
841 1855 950 1935 pascha
973 1854 1136 1935 legitimum
1166 1872 1234 1914 cum
1264 1854 1359 1916 disei-

200 1959 279 2039 pulis
299 1963 361 2022 suis
381 1963 553 2023 comedisse.
590 1963 619 2023 S.
640 1962 740 2042 Cyrilli
759 1982 795 2023 ex
814 1962 890 2023 libro
909 1956 1010 2044 XVI.¹)
1034 1962 1176 2022 adversus
1195 1960 1359 2024 lulianum.

288 2066 388 2128 Mense
403 2071 481 2129 enim
496 2071 601 2151 primo,
617 2088 676 2148 quo
693 2070 857 2130 secundum
871 2069 967 2148 legem
977 2068 1086 2149 Moysis
1100 2087 1205 2133 amnus
1220 2078 1359 2132 mactan-

201 2173 256 2234 dus
286 2183 363 2256 erat,
391 2177 506 2255 etipse
536 2176 720 2256 praesciebat
749 2195 780 2236 se
804 2194 963 2256 passurum
986 2194 1051 2235 csse
1081 2183 1110 2235 et
1140 2175 1291 2257 consulto,
1322 2184 1361 2239 ut

199 2281 268 2362 dixi,
288 2280 490 2362 Hierosolyma
510 2285 615 2363 petivit
629 2290 659 2343 et
676 2284 784 2343 sescum
799 2281 966 2343 celebravit.
1000 2280 1134 2342 Comedit
1148 2285 1227 2343 enim
1242 2284 1360 2363 paseha

199 2407 267 2449 cum
291 2389 444 2469 discipulis
468 2393 542 2451 suis.
580 2390 665 2462 Quod
697 2393 776 2451 enim
803 2389 910 2470 pascha
935 2388 1077 2470 comedit,
1106 2390 1179 2451 nihil
1201 2389 1283 2450 aliud
1309 2400 1361 2453 est

184 2498 256 2571 ,nisi
284 2497 362 2575 quod
392 2515 511 2558 amnmn
535 2496 606 2558 XIV.
632 2497 678 2558 die
709 2500 819 2558 mensis
843 2496 878 2557 ad
907 2516 1061 2577 vesperam
1089 2504 1295 2559 mactaverunt
1327 2507 1361 2565 et

200 2620 319 2663 carnem
343 2613 373 2664 et
395 2622 501 2683 panem
525 2624 659 2684 azymum
683 2624 750 2666 cum
775 2607 882 2665 amaris
906 2604 1108 2665 comederunt.

745 2779 797 2843 33.

238 2906 241 2913 '
287 2906 331 2967 Ex
354 2907 463 2968 Ioanne
488 2907 617 2968 Damaso.
641 2928 668 2987 p.
685 2904 758 2968 662.
797 2904 960 2983 Κυρίλλου.
989 2906 1064 2979 (Σοά.ι
1084 2906 1189 2986 Rupel.
1217 2900 1269 2983 Ἐις
1293 2909 1357 2969 τοῦ

140 3007 144 3014 ’
199 3003 238 3075 ad
264 3010 392 3090 βιβλίου.

289 3115 390 3182 Εἴκειν
405 3116 581 3195 ἀναγκαῖον
601 3117 735 3197 πατράει
749 3118 824 3182 τοὺς
839 3122 969 3182 παῖδας·
989 3115 1060 3182 ἀλλ’
1078 3117 1218 3195 ἔνθαπερ
1238 3115 1257 3180 ὁ
1277 3119 1357 3197 περὶ

197 3226 253 3301 τῆς
282 3219 431 3302 ἀληθεία(
460 3225 634 3290 εἰεελαύνει
663 3224 775 3304 λόγος,
809 3224 946 3303 rapacem
976 3225 1049 3317 pede
1080 3225 1131 3288 καὶ
1163 3222 1283 3288 νικάτω
1314 3224 1358 3289 τὰ

163 3364 166 3371 -
198 3328 297 3394 αὐτοὺ
325 3332 377 3394 καὶ
403 3332 631 3411 ’φιλοετοργίαε
661 3332 795 3411 δύναμιν
825 3333 966 3411 φυεικήν.
1009 3326 1220 3416 Neglegatnr²)
1249 3342 1355 3395 autem

199 3449 228 3500 et
252 3459 334 3501 amor
357 3440 486 3502 filiorum
510 3461 579 3522 erga
606 3451 706 3522 patres
730 3450 760 3502 et
782 3450 901 3521 patrum
924 3457 993 3519 erga
1017 3438 1093 3500 filios
1117 3449 1147 3501 et
1170 3449 1355 3521 separentur

199 3564 274 3625 quae
289 3556 365 3638 'ante
385 3550 482 3608 omnia
502 3557 646 3610 amantur.
683 3547 715 3607 ld
741 3549 869 3608 enimet
893 3547 948 3607 alio
972 3547 1037 3607 loco
1062 3546 1149 3606 docet
1172 3563 1226 3606 nos
1245 3546 1355 3609 dicens

198 3646 316 3735 (Matth.
333 3652 383 3736 110,
397 3648 470 3738 37):
495 3655 552 3725 Qui
571 3664 649 3716 amat
667 3663 782 3734 patrem
801 3661 853 3715 aiat
871 3662 996 3714 matrem
1014 3653 1082 3732 plus
1101 3670 1188 3730 quam
1208 3672 1271 3734 me,
1292 3673 1356 3715 non

197 3770 243 3822 est
262 3779 309 3821 mo
329 3761 449 3843 dignus,
469 3770 499 3822 et
518 3780 637 3823 rursus:
657 3764 710 3840 qui
728 3770 805 3821 amat
823 3760 916 3821 sdium
931 3768 982 3820 aut
1001 3759 1087 3820 liliam
1107 3760 1174 3838 plus
1188 3777 1278 3838 quam
1295 3779 1356 3842 me,

197 3889 256 3930 non
277 3877 322 3929 est
341 3887 388 3928 me
413 3868 527 3948 dignus.
565 3870 625 3929 Deo
650 3871 728 3930 enim
747 3888 802 3929 nos
822 3869 907 3929 decet
926 3877 994 3928 ante
1014 3869 1111 3930 omnia
1132 3866 1240 3926 oilerre
1259 3869 1354 3929 etiam

197 3979 308 4037 victum
326 3993 472 4057 amorem,
495 3994 584 4054 quem
607 3976 664 4036 illis
684 3975 827 4036 debemus
846 3977 897 4054 qni
921 3994 937 4036 a
961 3976 1103 4052 sangnine
1122 3954 1153 4034 et
1175 3991 1191 4033 a
1210 3973 1354 4035 fraterni-

270 4187 296 4255 1)
317 4183 383 4239 (lod.
398 4183 457 4254 Syr.
473 4182 545 4238 xlx.
576 4182 666 4248 Quam
680 4197 827 4237 numerum
840 4181 870 4235 in
884 4181 957 4236 XVI.
972 4180 1089 4247 mutavi,
1108 4180 1183 4250 quod
1198 4197 1354 4250 argumen-

196 4276 257 4326 tum
271 4273 309 4342 fg.
325 4280 359 4327 32
374 4291 437 4327 eum
451 4272 489 4342 fg.
505 4278 539 4325 31
555 4272 692 4326 cohaeret.
722 4272 821 4340 Neque
836 4270 951 4325 obstant
963 4286 1142 4324 numerorum
1156 4269 1216 4338 Syr.
1232 4268 1356 4327 formae.

268 4364 296 4430 2)
314 4362 513 4432 Fragmentum
530 4360 686 4428 Syriacum,
706 4361 781 4427 quod
799 4360 960 4414 inscribitur
979 4357 1115 4414 ‘eiusdem
1135 4374 1168 4412 ex
1185 4356 1259 4411 libro
1275 4358 1356 4416 XVI.

197 4452 331 4506 adversus
349 4451 509 4517 Iulianum,
529 4450 615 4504 etiam
634 4448 741 4504 Graeca
759 4466 828 4519 quae
848 4449 1017 4504 antecedunt
1035 4449 1120 4505 verba
1138 4446 1260 4503 exhibet
