2926 5040
513 304 555 358 De
573 303 675 359 Iuliani
693 304 827 359 librorum
847 305 920 360 fatis.
1247 305 1288 368 37

137 492 211 553 pore
244 474 417 552 episcopum
451 470 670 532 Antiochenum
702 471 794 531 fuisse
826 471 965 533 loannem
999 491 1035 532 31
1068 472 1123 532 3113
1157 473 1290 533 eiusdem

137 578 281 658 epistulae
313 578 379 639 loco
413 577 573 660 colligitur,
610 580 661 656 qui
694 579 844 638 invenitur
876 598 903 658 p.
931 576 1015 639 1146
1030 597 1073 657 sq.
1124 579 1181 640 Ubi
1218 579 1290 640 dicit

136 663 344 746 'theodoretus
370 687 428 745 iam
457 702 537 745 nunc
567 716 608 726 -
642 683 673 744 id
701 695 748 745 331
775 703 850 745 3333
875 682 940 747 448
968 688 1195 765 -septimum
1222 704 1288 746 3333

136 810 247 852 333313
270 791 377 851 1133131
405 790 621 870 archiepiscopi
644 791 834 873 Antiocheni,
863 799 931 851 3313
955 810 1044 870 quem
1067 811 1122 872 331
1145 793 1288 852 tredecim

135 916 230 959 annos
253 898 389 959 docuerit
419 900 483 977 ipse
507 898 731 977 archiepiscopo
754 898 872 958 Ioanne.
915 897 1091 958 Rectissime
1115 906 1213 959 autem
1237 899 1288 958 ob-

137 1007 265 1066 servavit
278 1004 438 1065 Tillemont
457 1004 549 1065 libros
569 1023 639 1065 snos
658 1006 776 1065 mittere
795 1004 897 1065 loanni
916 1023 975 1066 non
994 1008 1127 1085 potuisse
1147 1005 1287 1086 Cyrillum

136 1120 206 1172 ante
230 1108 444 1194 3331131432,
473 1130 531 1191 quo
556 1110 675 1191 quidem
704 1111 761 1172 sibi
788 1112 989 1172 reconciliavit
1013 1115 1168 1193 episcopos
1191 1115 1287 1173 orien-

105 1274 110 1284 ,
135 1202 209 1279 13133
232 1218 363 1278 Nestorii
386 1217 522 1278 asseclas.
568 1218 665 1296 Atque
688 1237 724 1278 eo
752 1221 817 1297 ipso
842 1236 918 1278 anno
943 1221 1071 1298 scriptos
1094 1239 1160 1280 esse
1184 1228 1287 1280 contra

133 1324 281 1386 lulianum
305 1324 397 1385 libros
422 1327 524 1386 statuit
547 1325 625 1384 idam
652 1323 721 1384 libri
749 1326 795 1385 sui
819 1343 907 1403 quem
937 1327 1089 1405 inscripsit
1113 1321 1287 1386 ‘memoires

133 1449 211 1510 pour
235 1433 330 1491 servir
353 1433 369 1492 a
399 1431 542 1492 l’histoire
571 1426 811 1510 ecelesiastique'
835 1430 890 1492 vol.
910 1431 982 1492 XIV.
1006 1452 1034 1512 p.
1056 1431 1119 1495 611
1149 1433 1286 1493 editionis

132 1533 301 1621 Venetae.¹)
344 1537 409 1609 Quo
433 1538 553 1617 quidem
577 1557 654 1599 anno
679 1539 835 1616 scripsisse
859 1536 1001 1616 Cyrillum
1024 1539 1061 1600 de
1084 1558 1284 1620 apopompaeo

133 1647 254 1706 minime
273 1663 363 1727 nego,
386 1645 423 1705 de
447 1663 506 1724 quo
530 1647 591 1724 egit
614 1648 644 1705 13
669 1645 794 1724 epistula
818 1644 853 1704 ad
878 1645 1018 1706 Acacium
1041 1647 1117 1728 data,
1144 1665 1219 1726 quae
1242 1649 1286 1707 in·

138 1760 219 1812 serta
249 1759 295 1812 331
322 1769 361 1812 33.
390 1751 583 1812 conciliorum
615 1752 782 1812 collectioni
811 1770 827 1811 a
855 1751 967 1811 Mansio
1000 1754 1031 1812 in
1063 1752 1159 1814 lucem
1191 1754 1286 1814 editae

132 1857 187 1918 vol.
208 1857 239 1919 V.
267 1878 295 1938 p.
315 1855 509 1921 aar—344.
553 1857 633 1929 Quae
668 1860 740 1937 quin
774 1861 864 1919 missa
897 1861 936 1919 sit
967 1859 1069 1920 loanni
1101 1861 1285 1921 Antiocheno

133 1963 218 2026 brevi
240 1973 416 2045 postquam
436 1967 547 2045 scripta
566 1973 612 2025 331
630 1983 685 2025 331
703 1965 873 2026 dubitemus
894 1983 982 2026 33333
1001 1983 1060 2025 333
1081 1973 1134 2028 est.
1166 1968 1286 2029 Minime

130 2082 231 2133 autem
254 2092 378 2135 3333333
402 2076 537 2153 cogimur
560 2072 740 2133 Theodoreti
765 2072 862 2133 verbis
886 2075 1003 2133 misisse
1028 2072 1170 2151 Cyrillnm
1192 2074 1285 2135 libros

131 2187 235 2240 contra
258 2180 403 2241 lulianum
433 2182 559 2259 scriptos
585 2198 736 2240 unacum
761 2178 886 2259 epistula
916 2174 952 2239 de
976 2197 1176 2258 apopompaeo
1205 2179 1285 2264 data3

130 2306 228 2366 neque
256 2296 324 2349 3313
353 2307 417 2348 3331
446 2289 550 2367 3311311
578 2305 643 2347 3333
672 2287 738 2346 ideo
774 2295 843 2347 3331
871 2287 1033 2367 statuendi,
1062 2285 1139 2364 quod
1168 2289 1284 2366 priores

130 2403 343 2457 memorantur.
375 2393 596 2455 Theodoretum
617 2395 695 2454 enim
716 2402 885 2473 temporum
904 2392 1040 2453 ordinem
1059 2395 1222 2453 servavisse
1246 2413 1283 2455 nc

129 2502 161 2561 in
190 2502 227 2560 iis
255 2501 379 2580 quidem
403 2518 478 2580 quos
511 2502 575 2580 ipsc
604 2509 812 2580 composuerat
840 2498 924 2559 libris
952 2499 1162 2559 enumerandis
1190 2507 1220 2561 et
1248 2519 1284 2560 ex

130 2607 258 2687 epistula
281 2610 346 2668 3133
370 2603 412 2669 82
436 2606 618 2685 intellegitur
642 2600 701 2690 (ed.
723 2606 847 2667 Scbolze
871 2605 908 2666 IV
935 2603 1019 2666 1143
1035 2598 1093 2686 sq.)
1118 2608 1283 2697 3131331-

130 2713 225 2775 313133
252 2711 418 2793 1131333,
448 2712 568 2792 dequo
599 2713 676 2773 infra
700 2713 785 2773 nobis
809 2715 867 2774 erit
890 2713 1045 2793 agendum.
1086 2712 1283 2775 admirandus

128 2828 230 2881 autem
249 2823 313 2881 sine
332 2820 422 2882 dubio
443 2827 523 2881 essct
541 2819 682 2902 Cyrillus,
701 2822 726 2880 si
744 2840 800 2900 per
819 2820 1046 2881 violentissimas
1066 2823 1284 2881 controversias

127 2926 319 2989 Nestorianas
348 2946 424 2988 anno
448 2925 513 2988 428
543 2934 676 3009 3133133,
704 2927 813 3006 quibus
841 2929 904 3006 ipse
934 2927 1116 2988 multimodis
1140 2946 1205 2988 sese
1228 2929 1282 2988 im·

127 3033 301 3116 plicaverat‚
328 3041 462 3094 vacasset
489 3034 704 3095 conscribendo
733 3036 817 3113 operi
847 3034 927 3111 quod
957 3036 1061 3113 viginti
1089 3042 1170 3095 certe
1198 3034 1282 3096 libris

128 3139 296 3223 constabat,
324 3158 392 3200 cum
420 3143 595 3219 praesertim
624 3140 679 3200 alia
709 3139 800 3201 multa
829 3148 900 3200 tunc
930 3142 958 3200 ei
987 3148 1088 3201 essent
1117 3140 1282 3222 scribenda,

130 3265 206 3327 quae
230 3246 266 3307 ad
290 3249 507 3308 controversias
530 3246 595 3307 illas
620 3265 707 3325 quam
732 3247 1080 3328 1331113333111331331,
1103 3247 1281 3324 quibuscum

127 3353 199 3414 libri
218 3360 321 3414 contra
339 3353 485 3414 lulianum
505 3355 610 3432 scripti
634 3355 783 3414 societatis
803 3353 921 3413 vinculo
941 3353 1170 3414 continebantur
1191 3353 1280 3415 nullo.

126 3459 210 3532 Quos
234 3461 349 3537 siquis
373 3461 512 3538 33133133
543 3461 671 3539 33113133
694 3478 760 3520 3333
789 3466 857 3519 3313
880 3477 990 3519 annum
1013 3457 1093 3543 428,
1122 3479 1227 3522 causae
1255 3465 1282 3522 31

124 3632 179 3688 dae
199 3630 347 3687 consilium
367 3631 453 3686 etiam
471 3631 501 3685 in
526 3631 606 3686 libris
626 3630 723 3701 cyrilli
742 3631 997 3686 3331131311333111
1016 3633 1127 3702 scriptis
1145 3651 1281 3704 apparere

124 3720 198 3776 infra
217 3737 364 3790 exponam.

198 3812 225 3878 1)
243 3809 355 3865 Erravit
368 3809 556 3878 Heumannus,
571 3809 594 3864 si
605 3808 718 3878 quidem
733 3809 757 3864 is
772 3808 938 3888 inAFabricii
952 3809 1019 3864 bibl.
1036 3807 1081 3863 Gr.
1097 3810 1136 3864 IX
1151 3816 1168 3864 4
1186 3829 1212 3880 p.
1227 3815 1278 3865 411

123 3899 236 3956 diversa
250 3916 311 3956 3333
326 3899 471 3955 contendit
486 3899 516 3953 in
530 3899 669 3954 sententia
683 3899 724 3954 La
739 3898 832 3967 Croze,
846 3899 912 3953 hist.
923 3897 1017 3953 christ.
1029 3898 1089 3956 Ind.
1104 3900 1151 3954 lib.
1163 3901 1183 3954 I.
1198 3917 1224 3968 p.
1238 3906 1279 3955 16.

124 3989 185 4056 Quo
205 3989 268 4044 loco
285 4007 316 4044 re
336 4005 407 4044 vera
425 3988 540 4058 exponit
564 3988 613 4042 ille
632 3987 816 4043 admiratione
835 3988 949 4042 minime
969 3987 1084 4058 dignam
1103 4005 1162 4043 3333
1183 3987 1281 4057 cyrilli

125 4078 321 4134 eruditionem.
349 4077 532 4146 L'drudition,
550 4076 651 4145 inquit,
671 4076 705 4131 de
720 4075 823 4145 Cyrille
842 4076 913 4130 11311
931 4076 988 4130 fort
1001 4076 1095 4146 legere
1110 4079 1139 4131 ct
1158 4094 1207 4132 333
1222 4078 1280 4132 elo·

123 4183 232 4238 quence
251 4165 391 4222 mediocre
411 4167 463 4222 etc.
495 4166 556 4222 lam
574 4183 641 4220 vero
660 4182 723 4219 cum
743 4167 894 4234 sequantur
916 4165 947 4219 in
965 4165 1087 4220 Fabricii
1106 4164 1281 4224 bibliotheca

122 4257 212 4313 verba
229 4255 315 4310 haec:
350 4255 427 4319 ‘Hoc
446 4257 494 4323 (sc.
514 4254 621 4325 Cyrilli)
644 4255 818 4325 praeclarum
842 4256 926 4323 atque
947 4254 1085 4309 eruditum
1105 4255 1189 4324 opus'
1211 4274 1279 4326 333,

122 4344 242 4401 dubium
261 4361 320 4400 3333
339 4361 396 4399 non
420 4344 527 4414 potest,
551 4343 619 4413 quin
638 4360 671 4398 ea
695 4360 767 4414 quae
785 4342 964 4398 Heumannus
987 4348 1063 4400 recte
1088 4345 1279 4413 adnotaverat,

121 4434 199 4490 falso
218 4433 281 4489 loco
299 4435 400 4503 postea
419 4433 475 4488 sint
492 4432 592 4503 posita.
