2926 5040
135 345 155 407 6
640 345 731 415 Capul
748 344 769 399 Ι,

136 509 206 585 μὲν,
234 505 261 569 ῶ
286 507 441 584 Φωτεινὲ,
472 509 606 571 πιθανὸς
634 508 733 591 φαίνῃ
761 509 812 571 καὶ
840 507 1015 583 ἑγγύτατος
1042 511 1100 569 τοῦ
1125 506 1284 585 ςώζεςθαι,

137 613 172 678 εύ
196 617 299 678 ποιῶν
323 614 359 677 ἐν
383 615 483 696 μήτρᾳ
507 617 658 692 μηδαμῶς
677 614 812 691 εἰςάγειν
832 616 870 679 ὃν
890 614 1072 679 ἐπίςτευςας
1091 615 1180 678 θεὸν·
1204 614 1283 677 Διό-

137 726 241 800 δωρος
261 723 296 784 δὲ
316 721 334 784 ὁ
353 726 411 785 τού
433 721 620 800 Ναζωραίου
639 721 739 800 μάγος
763 722 859 801 αὐτῆς
878 724 1139 785 καλλωπιςτικοῖς
1163 720 1284 799 μαγγά-

137 848 205 891 νοις
220 826 348 891 ἀκονῶν
363 827 561 907 παραδοξίαν
576 827 649 893 ὀξὺς
669 826 816 906 ἀνεφάνη
836 829 984 906 ςοφιςτὴς
1000 827 1161 907 θρηςκείας
1176 826 1284 907 ἀγροί-

136 955 203 998 κου.
245 935 304 996 lam
334 956 404 997 vero
434 940 536 1016 paucis
565 937 663 998 verbis
687 939 864 998 intermissis
891 937 990 1018 „quod
1014 939 1039 998 si
1063 931 1167 997 nohis“
1188 939 1286 1016 inquit
1332 958 1335 963 ·

137 1043 291 1125 „opitulati
315 1044 426 1104 luerint
445 1043 486 1103 dii
510 1051 540 1103 et
562 1042 633 1103 deae
654 1052 683 1104 et
703 1062 802 1103 musae
822 1061 924 1102 omnes
944 1049 974 1102 et
998 1043 1126 1124 fortuna,
1149 1044 1286 1105 ostende-

137 1168 204 1211 mus
227 1151 378 1211 infirmum
399 1159 429 1211 et
452 1158 658 1229 corruptorem
682 1149 780 1228 legum
804 1158 834 1210 et
857 1151 1005 1211 rationum
1024 1158 1054 1210 et
1077 1153 1287 1230 mysteriorum

138 1275 319 1338 paganorum
340 1265 369 1317 et
388 1257 512 1317 deorum
536 1251 754 1339 infernorum)
774 1264 804 1317 et
822 1257 906 1317 illum
924 1276 1033 1318 novum
1057 1260 1121 1317 eius
1146 1251 1200 1338 (sc.
1220 1258 1287 1318 Dio·

140 1356 219 1445 dori)
249 1363 338 1422 deum
362 1362 536 1444 Galilaeum‚
567 1382 655 1442 quem
679 1372 833 1424 aeternum
862 1364 994 1426 lahulose
1022 1358 1215 1447 praedicat²)‚
1242 1367 1286 1425 in·

140 1470 228 1550 digna
252 1477 347 1530 morte
367 1479 397 1531 et
416 1470 568 1550 sepultura
588 1469 769 1531 denudatum
788 1471 931 1531 confictae
955 1491 971 1531 a
990 1471 1118 1531 Diodoro
1143 1467 1288 1534 deitatis“.

139 1577 265 1638 Graece:
288 1574 321 1638 Εἰ
344 1574 454 1638 τοίνυν
477 1575 552 1653 ἡμῖν
575 1574 738 1652 ἐπίκουροι
762 1577 950 1653 γενήςονται
974 1575 1041 1639 θεοὶ
1065 1576 1115 1637 καὶ
1139 1576 1209 1639 θεαὶ
1232 1577 1284 1639 καὶ

141 1684 265 1748 Μοῦςαι
295 1684 389 1745 πᾶςαι
409 1682 460 1745 καὶ
483 1682 583 1760 Τύχη,
614 1681 758 1761 δείξομεν
782 1681 897 1762 ἀςθενῆ
927 1684 978 1747 καὶ
1007 1686 1155 1760 λυμεῶνα
1179 1682 1288 1761 νόμων

140 1791 191 1854 καὶ
215 1789 323 1866 λόγων
347 1791 398 1852 καὶ
416 1789 592 1868 μυςτηρίων
611 1789 802 1867 Ἑλληνικῶν
821 1791 871 1853 καὶ
893 1794 976 1855 θεῶν
998 1789 1137 1868 χθονίων
1160 1790 1289 1854 καὶτὸν

140 1899 218 1962 νέον
248 1895 347 1959 αὐτοῦ
380 1896 456 1960 θεὸν
485 1898 504 1960 Γ
506 1900 667 1980 αλιλαίον,
697 1897 735 1960 ὃν
764 1896 896 1961 αἰώνιον
929 1902 1083 1976 μυθωδῶς
1111 1901 1289 1977 δοξολογεῑ,

140 2002 259 2085 ἀναξίῳ
293 2001 421 2085 θανάτῳ
454 2003 505 2066 καὶ
535 2009 622 2087 ταφῇ
656 2001 929 2082 ἀπογυμνωθέντα
959 2009 1015 2083 τῆς
1043 2003 1290 2083 ςυμπλαςθείςης

140 2111 204 2174 ὑπὸ
228 2110 400 2189 Διοδώρου
425 2109 584 2188 θεότητος.
623 2113 737 2184 Quibus
761 2113 859 2174 verbis
884 2114 962 2193 quod
986 2116 1165 2174 inanimum
1191 2134 1222 2175 se
1245 2118 1288 2176 in-

142 2221 263 2283 duxisse
277 2222 521 2301 pronuntiaverat
535 2220 665 2281 lulianus
680 2223 814 2304 perfecit,
834 2239 902 2282 cum
917 2221 1020 2282 relicta
1035 2221 1291 2302 Constantinopoli

142 2347 196 2409 per
219 2327 377 2387 hibernum
401 2345 426 2386 a.
454 2321 595 2406 362s363
619 2333 737 2405 tempus
760 2325 931 2388 Antiochiae
955 2337 1197 2389 commoraretur.
1234 2328 1291 2389 Ubi

144 2437 298 2514 scripsisse
323 2452 390 2493 enm
415 2433 506 2493 libros
530 2433 587 2493 diis
608 2432 787 2513 opitulantes
811 2437 970 2496 memoriae
994 2435 1123 2515 prodidit
1141 2434 1290 2518 Libanius,

144 2543 230 2603 cuius
253 2541 326 2601 haec
350 2549 419 2600 sunt
442 2542 472 2600 in
493 2558 527 2600 ea
551 2541 692 2620 oratione,
716 2559 791 2618 quae
815 2541 990 2602 inscribitur
1013 2541 1032 2617 ἡ
1057 2540 1109 2603 ἐπὶ
1128 2537 1291 2623 Ἰουλιοινῳ

144 2643 286 2728 μονῳδία
318 2640 377 2728 (αά,
405 2642 797 2727 Reisk.1513,3sqq.):
833 2643 909 2722 ἧκεν
938 2642 994 2728 (sc.
1024 2645 1208 2731 loramentis)
1247 2648 1291 2711 εἰς

143 2754 202 2830 τὴν
230 2749 371 2829 μεγάλην
399 2752 457 2828 τὴν
485 2748 650 2828 Ἀντιόχου
679 2749 787 2829 πόλιν,
815 2753 847 2830 ἢ,
877 2751 903 2815 εἰ
933 2753 1040 2831 βούλει
1068 2774 1119 2832 γε,
1148 2752 1290 2820 Ἀλεξάν-

145 2864 233 2943 δρου,
255 2863 314 2922 τού
333 2858 430 2937 φίλου
454 2877 488 2920 τε
509 2856 596 2940 αὐτῷ
620 2857 671 2920 καὶ
694 2857 752 2920 οὐκ
774 2858 894 2922 ἐῶντος
919 2860 1097 2938 καθεύδειν,
1121 2860 1228 2941 ὥςπερ
1253 2865 1291 2941 δή

145 2987 216 3031 τινα
244 2965 420 3045 ςτρατηγὸν
453 2964 639 3046 ςτρατηγὸς,
672 2961 837 3042 Ἀθηναῖο(
870 2964 1047 3043 Ἀθηναῖον.
1094 2965 1133 3030 οὗ
1166 2969 1203 3045 δὴ
1238 2989 1293 3046 μυ-

146 3073 210 3152 ρίαι
238 3073 294 3150 μὲν
323 3070 523 3150 δικαζόμενοι
551 3069 644 3148 δίκαι,
673 3073 805 3134 πολλῶν
833 3072 868 3135 δὲ
892 3073 992 3136 θέςεις
1015 3072 1136 3150 νόμων,
1165 3073 1293 3152 βιβλίων

145 3199 181 3243 τε
214 3179 394 3257 ςυγγραφαὶ
433 3176 638 3256 βοηθούντων
671 3182 764 3240 θεοῖς.
812 3179 876 3250 Οιιο
912 3179 976 3240 loco
1009 3184 1176 3260 respexisse
1210 3182 1293 3242 Liba-

146 3291 228 3349 nium
263 3288 299 3348 ad
327 3287 431 3348 Iuliani
458 3287 550 3347 libros
583 3296 686 3348 eontra
715 3286 897 3347 Christianos
931 3287 1024 3348 editos
1057 3288 1142 3367 plane
1171 3298 1312 3367 apparet.

147 3415 183 3456 ex
208 3397 272 3455 eius
300 3394 411 3475 verbis,
440 3413 514 3472 quae
544 3396 736 3455 inveniuntur
763 3396 794 3453 in
823 3393 970 3473 epitaphio
994 3393 1007 3454 1
1030 3392 1167 3476 581,17
1192 3414 1235 3475 sq.
1260 3397 1294 3456 R.

148 3501 204 3563 Ubi
223 3509 378 3580 postquam
395 3504 524 3561 narravit
542 3504 752 3580 imperatorem
772 3500 1001 3561 bellumccntra
1017 3500 1122 3562 Persas
1141 3510 1294 3581 parantem

148 3628 202 3690 per
227 3626 330 3668 novem
351 3626 469 3668 menses
487 3610 517 3669 in
538 3607 622 3687 Syria
641 3617 855 3668 commoratum
874 3627 939 3668 esse
960 3603 987 3691 (Ι
1005 3606 1078 3691 576,
1096 3606 1137 3669 14
1147 3628 1211 3688 sqq.
1231 3608 1296 3670 coll.

148 3709 498 3797 cum1578,14sqq.):
521 3715 579 3774 τοῦ
603 3714 759 3790 χειμῶνος
783 3713 826 3791 δὲ,
849 3717 959 3798 inquit,
983 3712 1038 3776 τὰς
1062 3713 1176 3776 νύκτας
1200 3713 1296 3777 ἐκτεί-

149 3840 272 3898 νοντος,
297 3817 525 3882 corocottae
549 3818 600 3881 καὶ
619 3821 726 3882 καλῶν
746 3818 865 3897 ἑτέρων
889 3818 997 3896 λόγων
1017 3820 1202 3897 ἐπιθέμενος
1225 3825 1296 3883 ταῖς

152 3926 279 4006 βίβλοις,
298 3926 331 3989 αἳ
349 3927 408 3989 τὸν
427 3926 461 3989 ἐκ
475 3924 688 4003 Παλυιςτίνης
702 3923 874 4004 ἄνθρωπον
894 3924 969 3990 θεόν
984 3947 1018 3989 τε
1034 3927 1084 3989 καὶ
1103 3931 1179 3991 θεοῦ
1195 3932 1296 3992 παῖδα

150 4037 287 4110 ποιοῦςι,
316 4032 399 4116 μάχῃ
427 4053 461 4096 τε
490 4037 593 4114 μακρᾷ
619 4033 670 4095 καὶ
698 4032 842 4110 ἐλέγχων
870 4033 949 4110 ἰςχύι
972 4034 1099 4109 γέλωτα
1123 4031 1296 4114 ἀποφήνας

223 4279 250 4348 1)
270 4278 354 4333 Falso
369 4278 453 4332 etiam
467 4277 630 4331 Hertlenius
648 4279 714 4346 post
732 4293 829 4332 vocem
845 4262 1040 4333 ‘infernorum’
1056 4282 1196 4335 commate
1211 4279 1297 4335 inter·
1337 4319 1340 4327 .
1357 4332 1368 4350 ‚

170 4366 258 4422 unxit.

151 4387 169 4437 p
224 4457 252 4526 2)
268 4454 382 4517 Commu
391 4458 456 4526 post
467 4455 635 4525 ‘praedicat’
653 4455 754 4525 omisit,
769 4459 834 4527 post
845 4458 1012 4527 ‘sepultura'
1023 4460 1118 4528 posuit
1128 4461 1297 4517 Herllenius.
