2926 5040
496 317 537 371 De
557 317 656 372 Iuliani
674 316 809 372 librorum
828 317 901 371 fatis.
1237 316 1280 380 95

128 491 263 563 tempore
298 486 486 545 refutationis
514 505 530 545 a
558 486 662 546 Photio
692 487 820 564 scriptae
854 485 895 544 nil
923 484 1078 546 adfirmare
1110 504 1279 565 possumus,

128 609 197 651 cum
222 610 259 651 ne
283 594 490 670 quaestionum
515 591 634 671 quidem
658 592 762 672 Amph.
787 601 904 672 tempus
928 600 1030 653 notum
1057 594 1103 653 sit.

218 697 382 759 Romanum
403 701 551 759 neminem
567 702 758 778 cognovimus
778 699 813 759 ad
828 699 1048 778 redarguendos
1063 699 1167 760 luliani
1187 699 1279 760 libres

128 808 298 866 accessisse.
337 806 398 866 Soli
421 810 452 866 in
472 815 601 867 mentem
621 810 685 867 eius
704 809 748 867 rei
768 815 889 866 venerat
910 801 1148 883 Hieronymo,
1174 810 1225 885 qui
1248 810 1278 867 in

127 913 254 992 epistula
272 912 358 973 LXX.
378 914 413 973 ad
433 913 570 992 Magnum
590 914 656 974 data
675 914 720 974 ed.
735 907 871 973 Vallarsi²
890 910 1036 973 1427132
1053 913 1202 993 „lulianus
1221 915 1278 974 Au-

127 1014 256 1099 gustus“
279 1022 376 1099 inquit
402 1029 539 1100 „septem
564 1019 654 1081 libros
683 1023 713 1080 in
743 1020 930 1099 expeditione
956 1020 1094 1080 Parthica
1122 1021 1279 1082 adversum

128 1124 278 1188 Christum
302 1129 441 1188 evomuit.
476 1127 507 1187 Si
531 1136 633 1188 contra
653 1126 732 1187 lrunc
752 1126 882 1187 scribere
902 1136 1062 1207 tentavero,
1086 1136 1168 1207 puto,
1187 1131 1277 1188 inter-

128 1231 211 1293 dices
239 1228 334 1293 milri“
357 1244 412 1295 etc,
459 1234 524 1305 Quo
558 1234 623 1294 1666
657 1252 833 1312 quamquam
862 1233 1060 1312 Hieronymus
1089 1243 1189 1313 aperte
1218 1253 1277 1294 non

128 1340 200 1401 dicit
228 1349 330 1402 contra
358 1340 472 1401 libros
495 1341 600 1401 luliani
629 1360 660 1401 se
690 1342 872 1419 scripturum
896 1359 975 1419 esse,
1007 1339 1151 1401 librorum
1179 1350 1277 1401 tamen

127 1447 345 1531 proculdubio
374 1450 517 1526 spectavit
545 1448 767 1526 refutationem,
796 1466 863 1507 cum
887 1455 972 1506 antea
996 1447 1032 1506 de
1061 1446 1145 1506 libris
1169 1449 1278 1526 egisset

127 1560 285 1632 apostatae.
337 1553 429 1614 Cuius
466 1555 582 1614 consilii
618 1563 722 1615 auctor
755 1555 879 1614 fortasse
913 1555 1068 1614 exstiterat
1101 1553 1278 1632 Apollinaris

127 1657 324 1739 Laodicenus‚
347 1659 519 1740 Hieronymi
544 1663 696 1742 magister,
727 1663 778 1739 qui
802 1661 904 1721 oderat
927 1659 1081 1720 lulianum.
1119 1660 1179 1720 lam
1207 1679 1277 1720 vero

127 1775 231 1826 utrum
255 1766 411 1827 consilium
434 1776 611 1846 persecutus
636 1770 674 1828 sit
697 1767 895 1847 Hieronymus
918 1785 1012 1827 necne
1036 1769 1215 1846 ignoramus,

217 1871 326 1933 Omnes
337 1873 373 1933 (16
385 1873 493 1951 quibus
509 1893 603 1952 usque
618 1874 713 1951 adhuc
725 1877 838 1953 egimus
853 1875 1015 1953 scriptores
1025 1874 1206 1953 redarguere
1217 1884 1278 1936 stu-

127 1979 259 2040 duerunt
272 1980 431 2062 lulianum5
446 1982 640 2042 restituendis
654 2000 670 2041 e
687 1981 788 2061 Cyrilli
802 2000 892 2061 opere
908 1981 1070 2059 deperditis
1085 1984 1179 2061 ipsius
1194 1981 1278 2041 libris

126 2086 246 2145 saeculo
270 2089 404 2167 proximo
423 2106 543 2168 operam
563 2091 678 2149 navavit
696 2083 944 2167 Bargousius.
982 2087 1091 2148 Verum
1115 2090 1140 2147 is
1165 2092 1277 2149 utinam

125 2195 269 2253 maiorem
296 2195 481 2256 adhibuisset
509 2196 703 2276 diligentiam,
732 2198 843 2257 utinam
873 2196 989 2274 linguae
1014 2195 1143 2255 Graecae
1172 2195 1278 2256 fuisset

125 2299 268 2379 peritior!
305 2301 408 2380 Neque
429 2305 507 2363 enim
532 2305 690 2381 quicquam
714 2304 785 2362 fecit
808 2304 866 2362 nisi
885 2303 963 2380 qued
984 2304 1133 2381 exscripta
1157 2321 1191 2361 ex
1216 2300 1276 2361 edi-

124 2409 210 2497 tione
227 2407 407 2468 Aubertiana
430 2411 460 2468 in
484 2427 576 2469 unum
596 2412 746 2488 congessit
769 2429 802 2469 ea
822 2408 927 2469 luliani
951 2408 1123 2487 fragmenta,
1147 2426 1222 2486 quae
1245 2410 1276 2466 in

125 2514 231 2574 decem
251 2514 351 2594 Cyrilli
369 2514 452 2574 libris
471 2518 511 2575 ita
530 2524 655 2597 exstant,
679 2524 713 2576 ut
731 2517 838 2576 litteris
857 2515 1029 2575 maiusculis
1048 2517 1085 2574 iis
1104 2516 1274 2593 praemitta-

125 2630 179 2680 tur
206 2639 261 2680 vox
284 2621 399 2683 luliani.
444 2622 559 2682 Adiecit
587 2631 686 2683 autem
714 2625 989 2701 interpretationem
1019 2619 1277 2700 Franoogallicam,

123 2728 316 2807 quoequalis
336 2731 375 2789 sit
394 2728 492 2789 verbis
511 2728 570 2789 dici
594 2731 706 2808 nequit.
743 2728 786 2788 lta
810 2728 919 2789 facturn
939 2738 993 2809 est,
1016 2735 1050 2787 ut
1069 2745 1105 2786 ne
1124 2729 1276 2786 minimam

123 2832 248 2913 quidem
276 2834 433 2896 utilitatem
458 2854 494 2895 ex
517 2837 581 2896 eius
608 2834 684 2894 libro
713 2837 868 2914 percipere
895 2853 1023 2914 possem.
1066 2833 1124 2904 Qui
1147 2833 1275 2893 Berclini

122 2943 256 3023 primum
279 2941 390 3022 prodiit
414 2960 490 3002 anno
518 2939 603 3003 1764
625 2944 666 3002 ita
689 2944 865 3022 inscriptus:
895 2940 1022 3001 lle‘fense
1043 2941 1082 3001 du
1106 2943 1275 3020 paganismo

123 3066 182 3128 par
209 3047 387 3128 l'empereur
410 3048 519 3131 lulien,
548 3067 585 3108 en
610 3049 685 3109 Grec
710 3057 739 3109 et
763 3067 799 3109 en
823 3048 965 3135 Francois
989 3057 1044 3109 etc.
1086 3046 1142 3106 Par
1165 3046 1219 3106 Mr.
1248 3046 1275 3105 le

123 3152 258 3232 Marquis
282 3151 431 3232 D'drgens
455 3163 510 3214 etc.
544 3151 653 3214 2v0u.
685 3148 727 3213 8⁰.
770 3152 869 3213 Altera
898 3154 987 3214 editio
1013 3162 1058 3214 est
1086 3156 1155 3213 anni
1181 3149 1275 3213 1767.

123 3258 258 3320 Tertiam
276 3259 348 3321 mihi
367 3278 538 3340 comparare
557 3279 617 3320 non
641 3262 732 3340 potui.
770 3259 851 3330 Quae
876 3270 997 3321 auctore
1016 3259 1138 3320 Allonso
1151 3260 1274 3320 Muecke

123 3360 180 3447 (de
203 3369 260 3427 vita
283 3365 387 3427 luliaui
411 3367 437 3427 11
460 3387 488 3447 p.
503 3361 583 3449 343)
606 3365 717 3445 publici
740 3367 814 3425 iuris
840 3367 916 3426 facta
940 3377 986 3427 est
1016 3386 1093 3427 anno
1120 3362 1204 3426 1768
1229 3385 1274 3426 re·

122 3473 217 3533 motis
235 3471 354 3533 Graecis
372 3471 478 3534 Iuliani
501 3474 673 3551 fragmentis
697 3475 736 3531 ita
760 3474 916 3551 inscripta:
939 3472 1081 3533 Discours
1100 3473 1137 3534 de
1157 3472 1274 3552 l'empe-

122 3598 200 3639 6666
212 3579 306 3639 lulien
325 3587 428 3640 contre
449 3580 492 3640 les
508 3578 672 3639 Clrretiens
709 3579 786 3638 Avec
801 3578 837 3637 de
857 3564 1008 3639 nouvelles
1026 3589 1112 3640 notes
1126 3580 1162 3639 de
1178 3580 1276 3639 divers

121 3694 256 3747 auteurs.
