2926 5040
465 358 468 364 ,
488 299 530 354 De
548 296 650 354 Iuliani
667 297 803 353 librorum
822 297 894 353 fatis.
1216 299 1256 362 41

108 466 192 528 urbis
215 466 310 529 Mosul
337 475 367 527 et
385 467 464 527 diem
488 446 660 546 supremum
685 465 759 526 obiit
776 484 853 525 anno
873 485 900 545 p.
920 465 951 526 C.
971 485 998 527 n.
1018 463 1083 527 913
1104 461 1155 549 (cl.
1174 468 1258 527 Asse·

110 575 189 633 mani
213 571 281 633 bibl.
300 575 406 634 orient.
430 571 457 633 ll
476 592 503 652 p.
522 564 609 656 127),
632 575 663 633 in
688 573 899 633 commentario
919 572 954 632 de
979 574 1116 652 paradiso
1140 574 1258 634 laudan-

109 688 160 741 tur
183 679 328 759 quaedam
351 678 452 759 Cyrilli
475 698 511 739 ex
542 678 625 740 libris
649 687 752 739 contra
776 679 921 739 lulianum
946 679 1133 760 deprompta,
1163 682 1262 741 eliecit

107 786 263 847 Fabricius
291 788 384 848 luisse
412 804 464 846 eos
492 788 580 847 etiam
609 788 639 847 iu
669 786 817 865 Syriacam
846 784 976 864 linguam
1005 805 1116 848 versos.
1156 788 1261 867 Neque

108 902 207 954 tamen
236 893 293 954 hoc
317 903 490 973 argumento
519 895 574 954 niti
602 893 679 954 licet.
721 893 789 953 Fuit
817 894 896 952 enim
919 892 1036 971 Moyses
1055 893 1221 974 Barcephas
1245 914 1261 955 e

113 1000 386 1080 monophysitarum
411 1017 545 1082 numero,
569 1001 598 1060 in
619 999 727 1078 quibus
746 1001 835 1060 etiam
855 1000 970 1060 decimo
991 1000 1109 1061 saeculo
1133 1004 1262 1062 invenie-

111 1107 221 1168 bantur
245 1109 299 1167 viri
321 1106 450 1166 Graecae
474 1105 591 1185 liuguae
616 1108 735 1166 minime
759 1107 898 1185 imperiti.
936 1106 977 1166 dc
1001 1126 1038 1167 ne
1057 1107 1261 1169 Londiniensi-

111 1214 168 1275 bus
196 1215 316 1293 quidem
348 1215 521 1292 fragmentis
550 1213 651 1293 Cyrilli
681 1212 810 1292 Syriacis
837 1212 1037 1274 demonstrari
1065 1217 1261 1275 necessariam

90 1340 179 1382 esse
203 1320 331 1381 Fabricii
359 1322 560 1381 coniecturam
588 1319 779 1380 Eberhardns
802 1319 903 1380 Nestle
928 1321 1015 1381 modo
1039 1328 1175 1400 exponet.

201 1426 301 1487 Edidit
310 1434 407 1488 autem
417 1426 548 1506 Angelus
557 1426 651 1486 Maius
662 1426 761 1506 Cyrilli
773 1427 935 1505 lragmenta
953 1426 1098 1488 librorum
1115 1429 1262 1491 undecimi

110 1534 262 1613 usquead
282 1533 535 1594 undevicesimum
553 1536 583 1593 in
604 1533 720 1593 Leontii
744 1540 832 1612 atque
851 1534 969 1593 loannis
989 1553 1090 1595 rerum
1110 1554 1261 1611 sacrarum

110 1640 189 1702 libro
230 1649 344 1702 serrata
380 1642 412 1700 in
449 1658 541 1701 novae
581 1648 697 1719 patrum
736 1639 931 1700 bibliothecae
968 1648 1049 1701 tomo
1085 1642 1120 1702 ll.
1152 1642 1262 1704 Romae

111 1767 136 1808 a.
163 1744 249 1809 1844
280 1748 359 1809 edito
382 1766 410 1826 p.
429 1744 614 1810 488-492.
657 1746 772 1818 Quibus
801 1765 835 1806 ea
862 1754 933 1808 suut
960 1747 1158 1828 adiungenda,
1187 1769 1262 1829 quae

110 1858 143 1915 iu
167 1855 285 1916 loannis
304 1854 477 1915 Damasceni
500 1857 593 1915 sacris
616 1853 763 1934 parallelis
783 1847 819 1937 (l.
834 1853 868 1915 D.
887 1853 933 1914 ed.
948 1853 1080 1933 Lequien
1095 1863 1116 1915 t.
1130 1856 1164 1917 ll.
1184 1856 1263 1917 Pari·

111 1963 166 2022 siis
191 1959 276 2022 1712
291 1954 356 2046 iol.)
380 1964 490 2042 passim
515 1968 678 2022 occurrunt
702 1979 798 2039 neque
821 1962 921 2021 miuus
949 1963 979 2021 in
1003 1964 1114 2022 catenis
1138 1963 1173 2023 ad
1197 1963 1262 2024 illu·

112 2069 249 2131 strandos
282 2087 382 2130 sacrae
411 2071 576 2149 scripturae
609 2068 702 2149 libros
730 2069 901 2146 compositis
929 2074 989 2126 tam
1022 2067 1142 2130 Graecis
1173 2089 1261 2149 qnam

113 2177 251 2258 Syriacis.
283 2174 388 2236 Omnia
407 2184 506 2237 autem
521 2174 620 2256 Cyrilii
634 2174 740 2235 alibro
756 2173 913 2234 undecimo
927 2175 1091 2253 fragmenta
1106 2176 1228 2238 collecta
1236 2170 1262 2261 1)

112 2302 147 2344 ao
175 2282 316 2362 disposita
343 2283 400 2343 boc
428 2283 493 2343 loco
521 2281 712 2362 proponenda
741 2299 806 2341 esse
834 2281 918 2361 duxi,
946 2282 1025 2360 quod
1054 2301 1129 2363 opus
1153 2293 1199 2345 est
1225 2286 1262 2345 iis

113 2389 150 2450 ad
174 2390 375 2451 restituendos
394 2389 499 2450 Iuliani
521 2389 622 2451 libros.
661 2388 780 2468 Syriaca
798 2396 896 2448 autem
917 2387 1018 2467 Cyrilli
1041 2389 1202 2469 iragmenta
1227 2410 1262 2451 ex

114 2496 268 2558 codicibus
290 2496 385 2558 Musei
406 2496 568 2557 Britannici
588 2495 781 2557 describenda
805 2498 906 2555 curavi
929 2513 984 2574 per
1002 2495 1190 2557 Hormizdam
1210 2498 1261 2578 Sy·

113 2623 181 2665 rum
204 2605 426 2684 Nestorianum‚
450 2622 537 2683 quem
561 2602 687 2663 Londini
710 2604 823 2663 versari
847 2604 958 2663 certior
981 2603 1078 2663 iactus
1102 2610 1148 2663 est
1170 2603 1262 2664 Eber-

112 2711 225 2772 hardus
237 2711 338 2773 Nestle
353 2730 407 2790 per
419 2710 449 2770 F.
461 2709 663 2789 Baethgeuum
678 2710 831 2771 doctorem
846 2708 1056 2769 lliloniensem.
1086 2708 1182 2788 Atque
1198 2713 1262 2790 ipse
1319 2690 1322 2695 ⁵

114 2837 233 2898 quoque
248 2817 434 2897 Baethgeous
454 2818 597 2897 quaedam
617 2817 784 2897 descripsit.
821 2817 917 2895 Atque
938 2834 971 2876 ea
990 2818 1080 2876 etiam
1099 2818 1263 2897 fragmenta

114 2925 233 3005 Syriaca
257 2924 368 3004 publici
390 2927 466 2986 iuris
489 2925 587 2985 iacere
610 2927 706 2984 risum
730 2931 789 3003 est,
813 2941 888 3001 quae
913 2941 948 2982 er
972 2925 1066 3001 prima
1090 2923 1190 3003 Cyrilli
1213 2926 1262 2985 de·

114 3032 186 3093 cede
204 3032 380 3112 deprompta
403 3039 481 3092 sunt.
519 3031 583 3101 Oua
607 3049 639 3090 re
658 3033 730 3091 viris
750 3030 886 3109 Syriacae
905 3028 1022 3108 linguae
1045 3033 1150 3110 peritis
1174 3033 1263 3093 iacul-

115 3149 160 3201 tas
187 3140 253 3200 data
286 3141 344 3200 erit
377 3139 526 3199 iudicandi
559 3138 596 3198 de
624 3140 769 3199 versionis
798 3136 935 3215 Syriacae
963 3139 1086 3197 ratione.
1128 3138 1263 3218 Reliquis

115 3254 213 3308 autem
237 3248 410 3326 fragmentis
430 3246 558 3326 Syriacis
582 3253 705 3325 excepto
729 3263 802 3325 uno,
827 3243 905 3323 qnod
925 3245 1013 3303 etiam
1033 3242 1145 3306 Graece
1169 3254 1264 3308 exstat

115 3354 193 3434 apud
211 3353 369 3414 Leontium
390 3362 420 3414 et
439 3353 577 3414 loannem
596 3373 623 3432 p.
642 3350 713 3433 100,
737 3353 849 3413 adiecta
870 3359 915 3411 est
933 3353 1139 3430 interpretatio
1159 3352 1263 3414 Latina

115 3460 151 3520 ab
179 3458 352 3520 Eberhardo
384 3459 486 3520 Nestle
519 3461 667 3540 conlecta,
701 3461 752 3538 qui
784 3460 848 3538 ipse
876 3477 995 3537 quoque
1027 3458 1115 3519 verba
1145 3459 1263 3540 Syriaca

115 3568 279 3628 constitnit.
307 3565 368 3625 lam
383 3584 452 3626 vero
463 3568 527 3645 ipse
538 3565 723 3627 diversorum
733 3565 877 3626 librorum
888 3566 1052 3645 iragmenta
1066 3567 1106 3626 ita
1122 3568 1263 3648 disposui,

115 3681 151 3734 ut
173 3674 270 3752 primo
294 3671 359 3732 loco
378 3671 595 3733 collocarentur
614 3690 661 3755 ea,
684 3672 720 3732 de
739 3691 867 3751 quorum
891 3673 994 3734 ordine
1018 3675 1131 3734 certius
1154 3672 1262 3752 aliquid

115 3789 247 3842 statuere
281 3779 367 3840 licuit
395 3781 455 3839 sive
484 3798 538 3858 per
569 3782 633 3860 ipsa
661 3782 722 3841 sive
756 3798 809 3860 per
841 3779 946 3841 iuliani
973 3783 1135 3842 sententias
1163 3799 1199 3840 ex
1226 3781 1262 3839 iis

113 3888 294 3950 efficiendas.
337 3886 511 3965 Sequuntur
538 3886 651 3965 reliqua
680 3905 696 3946 a
724 3887 832 3946 loanne
860 3885 1055 3968 damasceno,
1085 3887 1209 3947 Leontio
1233 3893 1263 3946 et

117 3997 242 4076 Ioanne,
268 3996 300 4054 in
324 3995 436 4053 catenis
459 3993 580 4054 Graecis
604 4001 634 4054 et
659 3993 786 4074 Syriacis
810 4003 939 4075 servata,
962 4003 1050 4073 atque
1074 3996 1112 4054 ita
1137 3992 1266 4075 quidem,

114 4113 149 4165 ut
172 4105 203 4163 in
227 4100 312 4162 libris
335 4099 460 4161 alterum
484 4100 520 4160 ab
544 4100 636 4162 altero
661 4102 815 4179 excipitur.

113 4223 329 4233 ....--—--——-

188 4277 214 4342 1)
238 4273 271 4326 in
292 4271 458 4342 fragmentis
476 4272 641 4343 colligendis
664 4289 708 4326 me
732 4271 842 4326 adiuvit
865 4272 1039 4328 admirabilis
1058 4271 1180 4327 Fabricii
1202 4272 1263 4326 dili-

113 4363 225 4433 genua,
245 4361 290 4419 cni
308 4378 364 4417 non
382 4379 491 4432 semper
508 4362 615 4433 posteri
633 4362 761 4416 meritam
780 4361 894 4416 laudem
911 4361 1076 4416 tribuerunt.
