2926 5040
201 308 264 372 156
378 304 380 308 ’
691 310 782 379 θοροῦ
802 309 848 362 ΙΙΙ.

197 477 368 555 imperatori
392 494 544 536 removere
564 476 657 556 licuit,
680 477 738 535 nisi
762 474 892 535 laborem
912 478 1065 556 suscipere
1086 476 1178 537 voluit
1201 477 1344 535 maiorem

198 600 285 661 quam
309 601 397 661 quem
421 589 554 660 tempora
578 584 793 662 permitterent.
841 581 922 652 Quae
951 600 1019 643 cum
1048 583 1087 642 ita
1111 583 1184 660 siut,
1207 588 1343 640 nostrum

198 691 254 749 erit
278 689 454 769 diiudicare,
477 688 620 749 vocalium
645 707 824 749 concursum
854 691 1019 767 graviorem
1048 687 1156 767 quibus
1179 687 1253 747 locis
1280 688 1344 764 ipse

197 795 327 856 lulianus
351 799 443 857 vitare
468 798 608 877 noluerit,
632 795 740 874 quibus
763 795 952 856 librariorum
976 795 1159 874 neglegentia
1178 794 1323 855 intulerit.

286 902 327 962 Ac
356 905 485 982 primum
518 903 638 982 quidem
669 903 811 963 vocalium
842 921 990 964 concursu
1014 904 1112 964 hiatus
1135 921 1168 962 re
1192 919 1261 960 vera
1285 919 1344 960 nou

197 1010 334 1090 efficitur,
358 1009 409 1071 nbi
434 1011 628 1087 respiratione
652 1011 746 1069 oratio
770 1009 908 1069 distincta
932 1018 986 1071 est.
1023 1010 1127 1089 Neque
1150 1011 1241 1088 igitur
1261 1009 1341 1086 quic·

198 1135 286 1196 quam
309 1117 440 1196 impedit,
465 1135 501 1176 ne
525 1119 555 1176 in
575 1116 695 1176 brevem
716 1116 760 1175 vel
782 1116 1047 1196 longamvocalem
1067 1117 1183 1177 desinat
1206 1116 1343 1176 ultimum

198 1226 342 1285 enuntiati
371 1223 524 1284 cuiusdam
553 1223 676 1284 verbum
706 1241 779 1283 neve
807 1242 823 1282 a
852 1223 935 1284 brevi
958 1223 1003 1283 vel
1026 1224 1114 1302 ionga
1136 1223 1258 1301 incipiat
1284 1221 1342 1298 pri·

198 1350 279 1393 mum
302 1333 366 1392 cius
391 1329 469 1409 quod
494 1333 638 1410 sequitur.
684 1331 764 1391 idem
789 1331 864 1391 valet
887 1331 923 1390 de
948 1331 1080 1391 ciusdem
1109 1331 1255 1390 enuntiati
1278 1346 1342 1407 par·

198 1438 277 1499 tibus
301 1441 340 1499 ita
364 1439 520 1517 distinctis,
544 1446 577 1498 ut
600 1440 756 1517 respiratio
780 1441 909 1498 exsistat.
956 1437 1020 1508 Qua
1044 1437 1080 1497 dc
1104 1455 1192 1497 causa
1215 1435 1343 1495 admitti·

196 1554 245 1605 tur
269 1547 366 1624 gravis
390 1544 425 1604 de
450 1563 508 1621 qno
533 1548 646 1624 agimus
670 1545 813 1607 vocalium
838 1564 1002 1605 concursus

287 1646 320 1734 1)
344 1658 411 1711 ante
441 1653 681 1713 coniunctionem
706 1653 918 1713 adversativam
941 1647 1033 1713 ἀλλά.
1084 1651 1127 1712 ct
1154 1647 1218 1712 100
1232 1650 1269 1711 A:
1297 1645 1346 1709 ὅτι

194 1791 235 1800 -
256 1754 391 1818 τούτους
411 1754 579 1819 ἐκλεκτούς
599 1739 694 1836 φηςιν
711 1793 748 1802 -
767 1755 882 1835 Ἰηςοῦς
902 1755 919 1818 ὁ
940 1757 1127 1834 Ναζωραῖος
1151 1755 1347 1832 ἐπιδείξω,

193 1859 293 1925 ἀλλὰ
329 1897 368 1904 -
404 1862 455 1924 καὶ
488 1863 630 1928 Παῦλον.
686 1862 805 1927 253οε
840 1862 898 1927 οῦκ
931 1861 1052 1941 εἴρηται
1084 1862 1352 1950 περὶῑτούτοιι,
1450 1906 1452 1914 1

195 1966 292 2032 ἀλλὰ
315 1968 387 2045 περὶ
411 1973 465 2047 τῆς
489 1974 547 2033 τοῦ
572 1971 676 2050 Δαβὶδ
703 1970 867 2050 βαςιλείας.

284 2072 320 2160 2)
344 2086 412 2138 ante
443 2083 683 2142 coniunctionem
715 2080 921 2142 disiunctivam
950 2076 1022 2143 εἴτε.
1068 2081 1111 2141 ut.
1135 2078 1231 2141 96n:
1269 2074 1344 2140 εἴτε

195 2181 394 2260 ἀγένητοι,
424 2182 501 2248 εἴτε
525 2184 583 2249 ὑπ’
609 2185 711 2250 ἄλλου
735 2188 793 2265 μέν
816 2185 1000 2263 γεγονότες,
1029 2183 1118 2268 ἄλλῳ
1142 2186 1178 2248 δέ
1202 2188 1344 2262 λειτουρ-

195 2295 266 2366 γείν
299 2292 531 2369 τεταγμένοι
562 2290 638 2356 εἴτε
670 2290 777 2356 ἄλλως
810 2312 886 2355 πως.
934 2293 999 2356 262
1023 2294 1059 2356 C:
1083 2292 1163 2370 πρὸς
1187 2293 1246 2355 τὸν
1269 2293 1346 2356 θεὸν

197 2395 277 2460 εἶναι
297 2397 467 2476 λέγεται,
492 2397 568 2462 εἴτε
593 2398 611 2462 ὁ
631 2400 666 2464 έκ
681 2398 806 2477 Μαρίας
820 2399 984 2477 γεννηθεὶς
1000 2397 1062 2463 εἴτε
1078 2397 1177 2463 ἄλλος
1191 2398 1238 2462 τίς
1253 2399 1346 2464 ἐςτιν.

285 2498 322 2589 3)
353 2514 420 2566 ante
454 2509 679 2568 coniunctiones
707 2509 899 2569 disiunctivas
930 2506 949 2585 ἤ
980 2517 1009 2568 et
1040 2506 1119 2584 ἤτοι.
1173 2508 1216 2568 Cf.
1245 2505 1289 2569 65
1309 2509 1345 2570 D:

193 2616 262 2674 τοῖς
293 2609 468 2692 <νοητοῑς>
505 2616 592 2674 θεοῖς
625 2612 722 2676 οὐδὲν
754 2609 834 2675 ἄλλο
867 2616 922 2690 τῆς
954 2609 1126 2674 ἀθαναςίας
1159 2608 1263 2675 αἴτιον
1295 2613 1345 2675 καὶ

196 2723 243 2800 τῷ
277 2718 464 2799 φαινομένῳ
498 2717 619 2801 κόςμιρ
651 2722 670 2798 ἢ
703 2720 741 2782 τὸ
775 2718 838 2782 ὑπὸ
871 2723 929 2783 τοῦ
963 2722 1157 2797 δημιουργοῦ
1189 2718 1347 2794 γενέςθαι,

197 2824 260 2888 143
275 2826 310 2887 G:
339 2827 470 2887 τοιαῦτα
499 2826 534 2888 δὲ
563 2823 656 2889 ὄντα
684 2827 768 2905 ἤτοι
799 2827 909 2905 φῦςεις
937 2825 993 2889 aa
1020 2829 1087 2889 τῶν
1110 2823 1216 2888 ὄντων
1238 2827 1258 2903 ἢ
1284 2824 1347 2893 κτὲ.

197 2931 258 2995 148
281 2932 316 2994 C:
349 2928 480 3009 ἄμεινον
509 2968 550 2976 -
580 2931 767 3013 ἀγνοῆςαι
801 2936 820 3013 ἢ
853 2932 914 2997 κτὲ.
973 2932 1034 2996 168
1054 2935 1091 2996 B:
1127 2937 1165 3015 τῇ
1195 2930 1348 2996 (ὀλωνος

195 3036 412 3120 ἀνεξικακίᾳ
435 3041 454 3118 ἢ
478 3045 516 3124 τῇ
540 3039 706 3118 Ῥωμαίων
731 3074 773 3084 —-
797 3038 955 3121 ἐπιεικείᾳ.
1002 3037 1068 3100 290
1087 3034 1126 3100 D:
1154 3036 1225 3101 υἱὸν
1254 3042 1349 3102 θεοῦ

194 3147 213 3224 ἢ
248 3145 309 3210 κτὲ.
365 3146 429 3210 306
455 3151 491 3210 A:
532 3152 589 3210 τοῦ
622 3146 891 3224 θυςιαςτηρίου
923 3148 942 3225 ἢ
976 3181 1019 3189 -
1052 3149 1110 3209 τοῦ
1142 3143 1352 3222 ἁγιάςματος.

195 3255 261 3335 Pag.
289 3253 351 3316 190
376 3256 411 3317 C:
444 3253 560 3318 Αἰακοῦ
584 3256 662 3332 iret
690 3253 755 3316 224
779 3256 814 3317 C:
850 3251 1018 3334 Φωκυλίδῃ
1048 3254 1066 3331 ἢ
1096 3263 1126 3314 et
1149 3250 1302 3327 Θεόγνιδι
1328 3256 1348 3332 ἢ

195 3361 319 3423 dubium
350 3373 408 3444 ost,
444 3373 544 3423 utrum
583 3362 620 3422 oh
653 3366 893 3424 coniunctionem
926 3361 945 3439 ἣ
978 3381 1015 3421 an
1048 3379 1156 3421 nomeu
1188 3364 1350 3440 proprium
1383 3392 1385 3396 ⁷

194 3469 292 3530 hiatus
316 3470 501 3552 admittatur3
530 3489 594 3549 pag.
626 3467 725 3531 1848
760 3473 838 3530 iuter
867 3466 1100 3545 ἐπιτηδεύματα
1128 3477 1159 3528 et
1181 3466 1200 3543 ἢ
1224 3470 1351 3547 signum

196 3579 438 3656 interrogationis
461 3580 562 3657 posuit
585 3577 817 3638 Gutschmidius.

285 3677 321 3763 4)
345 3693 413 3743 ante
446 3686 620 3763 pronomina
654 3683 782 3743 relativa.
838 3683 880 3743 Gi.
905 3681 946 3744 80
972 3683 1010 3744 t:
1042 3681 1231 3758 φρονήςεως
1263 3677 1352 3760 ἀπη-

175 3778 349 3865 ιγόρευςεν
374 3786 392 3849 ὁ
421 3787 494 3850 θεὸς
523 3786 684 3869 ἀνθρώπῳ
708 3768 925 3866 γεύςαςθαι,
958 3786 999 3864 ἧς
1029 3785 1126 3850 οὐδέν
1154 3784 1194 3849 ἂν
1223 3784 1271 3864 εἴη
1303 3809 1352 3851 τι·

196 3895 361 3972 μιώτερον.
404 3893 468 3956 818
485 3896 520 3956 C:
550 3893 580 3956 οἱ
604 3894 664 3971 γὰρ
693 3895 731 3971 δὴ
756 3893 881 3957 τούτων
904 3891 1057 3956 ἐλάττους
1086 3928 1123 3938 -
1152 3890 1352 3969 ἀγνοοῦν-

195 3996 266 4083 rjus,
291 3998 342 4065 ὧν
366 3994 495 4064 ἕκαςτος
519 4000 579 4063 κτὲ.
628 3999 670 4062 96
690 4002 728 4062 D:
757 4000 796 4063 τὰ
825 4001 882 4077 μέν
912 4020 987 4078 φηςι
1018 3986 1162 4063 κεδεῦςαι
1184 3999 1244 4064 τὸν
1268 4001 1353 4065 θεὸν

195 4109 385 4185 γενέςθαι,
410 4107 536 4185 ὥςπερ
550 4108 672 4185 ἡμέραν
689 4141 739 4184 -,
755 4106 794 4168 τὰ
808 4107 843 4169 δὲ
859 4111 1025 4187 ποιῆςαι,
1050 4104 1177 4184 ὥςπερ
1191 4104 1353 4185 οὐρανόν.

195 4217 267 4277 Cum
292 4219 379 4277 etiam
403 4225 471 4294 post
493 4214 552 4290 καὶ,
576 4213 619 4290 τέ,
643 4214 672 4290 ἢ,
698 4213 742 4290 δέ,
766 4213 839 4289 περὶ
868 4215 981 4275 hiatum
1004 4215 1119 4275 admitti
1142 4213 1221 4274 inira
1245 4224 1356 4278 osten.

193 4323 321 4383 ciendum
351 4324 403 4402 sit,
434 4322 475 4382 nil
504 4323 582 4382 citici
611 4329 709 4401 potest
737 4340 773 4381 ex
800 4340 864 4400 pag.
891 4320 1006 4383 1383:
1038 4319 1089 4383 καὶ
1117 4317 1189 4394 ὅςα;
1225 4319 1354 4387 206A:

192 4425 372 4504 innocuae,
397 4427 500 4512 οἵους,
525 4427 591 4491 290
606 4429 643 4490 D:
667 4425 737 4489 nior
757 4430 833 4490 θεοῦ
853 4428 871 4506 ἢ
896 4425 999 4489 ὅπως
1023 4425 1063 4489 ἂν
1082 4420 1182 4490 αὐτὸν
1202 4429 1351 4504 καλεῖτε;
