2926 5040
479 338 521 392 De
540 337 642 392 Iuliani
659 337 752 393 verbis
770 337 982 394 constituendis.
1240 340 1305 404 145

161 503 239 574 eras
263 525 366 568 omnes
394 509 419 566 is
448 509 500 585 qui
523 507 655 567 codicem
685 509 804 585 scripsit
830 503 892 566 124
915 508 954 566 ita
979 485 1090 586 omisit,
1119 515 1152 567 ut
1179 526 1304 568 vacuum

159 615 195 671 iis
220 614 402 692 relinqueret
425 614 561 691 spatium.
599 610 641 672 lta
664 631 692 690 p.
708 609 763 672 24
783 610 803 672 9
832 631 921 672 voces
944 621 1061 673 exstant
1084 607 1160 687 παρ’
1182 610 1304 689 ἑτέρων

158 716 198 778 τὰ
222 717 266 781 εἰ(
289 716 380 795 ὑμᾶς,
410 737 506 796 neque
531 727 630 778 tamen
657 721 688 777 in
717 718 819 779 codice
845 717 876 780 Μ
906 721 1063 797 quicquam
1092 737 1171 778 nunc
1195 719 1304 798 legitur

159 826 216 884 nisi
239 821 314 901 παρ’
337 822 457 900 ἑτέρων
480 821 519 883 τὰ
543 841 573 905 ες
601 824 783 903 reliquarum
813 825 979 886 litterarum
1008 824 1080 884 aliae
1110 837 1304 907 evanuerunt,

158 930 229 991 aliae
250 931 398 993 abscissae
418 940 495 991 sunt.
533 931 575 990 Ac
594 949 631 990 ne
651 933 681 990 in
701 932 802 992 codice
823 931 941 1011 quidem
965 928 1027 993 124
1050 950 1138 992 voces
1162 930 1206 993 εἰ(
1225 930 1303 1008 ὑμᾶς

160 1043 287 1118 scriptae
311 1041 518 1118 inveniuntur,
545 1038 606 1105 sed
621 1037 724 1099 lacuna
749 1048 900 1118 comperet
923 1047 990 1118 post
1013 1033 1088 1114 παρ’
1107 1035 1227 1114 ἑτέρων
1250 1037 1303 1120 τὰς

159 1164 255 1224 neque
281 1149 379 1206 minus
402 1145 500 1205 littera
524 1162 554 1224 ε,
579 1162 654 1222 quae
679 1148 707 1205 in
738 1145 839 1206 codice
865 1144 896 1207 Μ
921 1148 1007 1206 etiam
1032 1147 1170 1225 cognosci
1197 1155 1304 1225 potest,

156 1254 186 1310 in
211 1252 313 1312 codice
340 1249 402 1313 124
431 1254 540 1311 omissa
568 1260 622 1311 est.
664 1251 761 1329 Atque
790 1252 1009 1313 eodemmodo
1032 1250 1132 1331 p.2rl
1155 1250 1192 1311 11
1223 1255 1304 1313 vocis

157 1357 347 1435 χαριετήριοι
366 1359 464 1418 littera
484 1374 502 1432 χ
522 1361 691 1417 etiamnunc
710 1359 825 1436 integra
846 1366 949 1439 exstat,
969 1357 1084 1418 litterae
1104 1376 1164 1434 χαρ
1184 1359 1303 1419 difficile

157 1474 387 1545 cognoscuntur,
412 1464 541 1543 reliquae
566 1463 767 1543 deperierunt.
805 1462 952 1543 lntegram
976 1473 1074 1524 antem
1093 1484 1196 1525 vocem
1216 1483 1302 1541 χαρι-

156 1570 275 1646 (τήριοι
299 1571 390 1630 codex
417 1568 481 1632 124
510 1590 569 1630 non
594 1571 760 1649 descripsit.
803 1570 891 1630 Petiti
920 1579 989 1630 sunt
1012 1570 1083 1651 loci,
1112 1590 1186 1650 qnos
1217 1572 1303 1631 modo

156 1676 253 1750 attuli,
282 1696 318 1736 ex
342 1676 442 1755 Cyrilli
470 1680 630 1756 prooemio.
673 1676 732 1736 Sed
764 1695 800 1736 ne
830 1677 955 1736 aliorum
983 1676 1126 1739 librorum
1157 1680 1302 1762 rationem

155 1782 240 1843 aliam
264 1801 330 1843 esse
358 1802 496 1864 censeas,
523 1803 602 1845 nunc
627 1785 747 1844 allerem
776 1782 864 1843 verba
892 1802 928 1843 ex
955 1783 1031 1843 libro
1055 1783 1089 1843 X.
1118 1783 1300 1864 deprompta.

155 1889 264 1967 Pagina
288 1890 366 1948 enim
390 1886 488 1950 3584
509 1887 528 1950 8
552 1889 712 1950 verborum
735 1891 929 1964 ψευδοεπεῖ(
953 1888 1003 1950 καὶ
1026 1890 1143 1951 litterae
1166 1891 1302 1951 boenoic

155 1993 205 2055 καὶ
229 1995 408 2055 madefactae
437 1998 557 2056 omnino
587 1997 649 2056 lere
678 2003 875 2076 evanuerunt,
904 2004 991 2075 atque
1020 2000 1170 2058 recentior
1198 2015 1303 2058 manus

156 2120 205 2162 eas
233 2104 355 2180 vestigia
382 2106 495 2182 primae
524 2111 681 2182 persecuta
710 2103 880 2163 delineavit:
907 2105 1007 2163 omisit
1034 2100 1084 2163 ea's
1110 2103 1202 2164 codex
1229 2101 1301 2165 124.

156 2209 256 2289 Neque
272 2209 427 2270 tacendum
444 2209 515 2269 mihi
529 2209 685 2288 permultis
699 2209 781 2291 locis,
796 2209 904 2288 quibus
919 2209 1012 2290 codex
1028 2207 1059 2270 Μ
1075 2209 1160 2268 aliern
1175 2212 1302 2290 scriptu-

156 2335 217 2376 ram
241 2316 364 2395 praebet
387 2326 474 2394 atque
499 2315 589 2376 editio
611 2315 773 2395 llligniana‚
802 2335 848 2375 me
873 2316 1005 2376 codicem
1032 2313 1095 2376 124
1124 2317 1302 2395 inspexisse:

156 2425 193 2484 ita
218 2441 286 2483 eum
311 2423 493 2501 deprehendi
517 2422 569 2482 vel
588 2424 617 2482 in
643 2421 814 2483 accentibus
839 2440 897 2481 non
921 2431 1002 2482 recte
1030 2423 1136 2501 positis
1158 2440 1301 2501 persaepe

156 2547 221 2589 cnm
247 2529 349 2589 codice
373 2527 405 2590 Μ
429 2531 608 2588 consentire.

243 2635 346 2714 Neque
371 2638 468 2695 minus
492 2634 625 2696 codicem
645 2634 862 2695 Scorialensem
882 2632 908 2696 Ω
933 2654 968 2695 ex
992 2635 1094 2695 codice
1115 2632 1146 2695 Μ
1171 2635 1301 2714 descrip-

158 2752 220 2803 tum
236 2760 302 2802 esse
318 2760 353 2801 ex
368 2744 457 2802 variis
472 2744 536 2801 eius
553 2743 710 2821 scripturis
725 2761 741 2800 a
756 2741 872 2802 Loewio
888 2741 1035 2801 adnotatis
1049 2741 1188 2802 intellexi.
1220 2741 1300 2812 Quae

155 2852 242 2910 etiam
266 2851 296 2908 in
320 2849 411 2909 rebus
434 2851 563 2909 minimis
592 2850 633 2909 ita
656 2852 847 2910 consentiunt
875 2867 944 2908 cum
966 2850 1017 2928 iis,
1046 2867 1121 2927 quae
1145 2851 1174 2908 in
1199 2849 1300 2908 codice

154 2955 302 3015 Marciano
325 2952 386 3015 123
408 2962 534 3034 exstant,
558 2963 591 3014 ut
610 2974 637 3033 p.
657 2952 731 3014 44Β
751 2952 771 3015 6
794 2957 825 3014 in
849 2964 977 3033 utroque
997 2951 1090 3030 μύθοι
1108 2955 1224 3033 legatur
1247 2974 1301 3034 pro

154 3063 255 3137 μῦθοι.
298 3059 399 3131 Quid?
432 3061 515 3132 Quod
540 3081 568 3141 p.
590 3058 709 3139 49113
738 3058 840 3137 ὑγρὰν
866 3061 1008 3140 praebeat
1031 3061 1123 3120 codex
1147 3061 1169 3118 V
1194 3070 1224 3121 et
1252 3080 1300 3121 ex·

1138 3155 1209 3220 ξηρὰν

157 3221 253 3282 hibuit
277 3221 369 3281 codex
388 3220 555 3300 Cepnionis‚
583 3222 613 3280 in
636 3219 783 3281 Marciano
807 3230 905 3282 autem
930 3219 962 3282 Μ
986 3220 1094 3298 legitur
1118 3218 1237 3301 ὑγρᾶν,
1269 3224 1299 3280 in

509 3320 531 3366 ξ,
552 3335 580 3361 m·

153 3381 331 3442 Scorialensi
354 3377 381 3441 Ω
404 3377 506 3456 ὑγρὰν
530 3334 550 3380 w
582 3377 598 3440 2

242 3489 286 3549 Ex
310 3486 462 3548 codicibus
487 3485 519 3548 Μ
543 3495 574 3547 et
597 3487 620 3546 V
644 3487 776 3547 codicem
802 3487 1009 3548 Monacensem
1029 3487 1052 3549 Β
1076 3488 1196 3548 llrxxisse
1220 3506 1300 3548 nunc

152 3597 315 3686 ostendam.
348 3595 444 3674 Atque
464 3593 556 3653 libros
577 3593 676 3654 l.-V.
697 3613 732 3654 ex
752 3593 775 3652 V
794 3594 959 3674 descriptos
979 3614 1044 3654 esse
1064 3594 1136 3655 milri
1156 3597 1300 3674 persuasi,

152 3722 221 3764 cum
251 3704 483 3781 fragmentorum
509 3700 706 3761 lulianeorum
733 3704 908 3782 scripturas,
937 3720 1011 3780 quas
1035 3700 1058 3762 Β
1086 3701 1222 3780 praebet,
1251 3700 1299 3760 ad-

154 3821 302 3890 notarem3
325 3827 399 3888 quas
423 3809 484 3869 lere
508 3827 625 3887 semper
649 3808 767 3868 easdem
791 3827 857 3868 esse
881 3817 968 3888 etque
993 3809 1105 3869 codicis
1125 3806 1147 3865 V
1171 3807 1298 3867 animad-

153 3918 237 3977 verti.
276 3915 406 3995 Accedit,
429 3915 507 3992 quod
530 3913 650 3974 eaedem
674 3915 794 3974 lacunae
819 3918 848 3974 in
873 3922 1000 3993 utroque
1020 3915 1121 3975 codice
1146 3916 1298 3973 inveniun-

153 4033 211 4104 tur,
230 4042 258 4101 p.
275 4019 325 4083 91)
343 4019 487 4082 1-10c
501 4020 536 4104 2,
554 4042 582 4101 p.
599 4019 669 4082 let*
679 4020 701 4082 4
712 4057 746 4063 -
757 4019 829 4082 781]
843 4020 865 4082 4
884 4022 957 4082 dub.
966 4018 991 4105 ¹)
1024 4021 1181 4081 Librorum
1200 4028 1298 4080 etitem

226 4287 252 4352 1)
271 4283 365 4337 Etiam
378 4301 407 4351 p.
422 4283 482 4336 820
498 4282 629 4336 o-eeB
644 4288 660 4334 4
675 4280 704 4334 in
718 4282 814 4334 codice
831 4283 850 4334 Β
866 4298 921 4334 non
936 4281 1125 4347 invenientem
1146 4298 1217 4350 quae
1233 4281 1300 4348 quin

151 4389 187 4426 ne
209 4371 240 4425 in
258 4371 284 4425 V
312 4371 426 4440 quidem
450 4374 573 4438 exstent,
602 4369 749 4423 dubitandi
773 4386 858 4423 censa
880 4385 936 4422 non
961 4372 1016 4436 est,
1041 4385 1210 4438 quamquem
1234 4368 1262 4425 h.
1280 4370 1300 4422 l.
1367 4377 1370 4384 '

150 4460 277 4516 codicem
296 4459 434 4514 Venebnm
454 4477 508 4512 non
528 4458 645 4527 inspexi.

207 4559 314 4600 lulianus
328 4559 363 4599 ed.
378 4561 504 4600 Noumenu.
1054 4554 1086 4600 10
