2926 5040
476 314 518 368 De
535 313 637 369 iuliani
654 315 789 370 librorum
806 315 882 370 satie.
1215 320 1256 381 13

106 481 137 537 in
177 478 329 539 codicibus
361 479 494 540 llediceo
521 490 552 540 et
582 481 776 561 Coisliniauo,
813 491 936 562 apparet
968 501 1034 542 esse
1070 485 1256 565 interpolata,

106 585 273 645 fortassee
300 584 421 646 librario
454 605 490 646 en
518 590 570 666 qni
597 587 730 648 codicem
758 590 878 668 scripsit
905 588 1108 670 Harleiannm,
1137 593 1166 651 in
1196 610 1256 670 quo

107 711 168 752 nuo
190 695 391 755 inveniuntur.
430 694 512 756 ldem
534 697 704 774 insequenti
727 695 881 776 epistulae,
903 715 962 775 qua
984 695 1110 759 Basilius
1135 717 1256 778 respon·

105 799 150 860 dit
177 799 290 862 iuliano
321 802 491 862 adiunxisse
524 803 692 876 censendus
725 812 771 863 est
804 803 892 863 rerba
920 800 941 862 ἃ
968 803 1076 879 μέντοι
1103 800 1256 880 ἀνέγνως,

104 905 166 968 οὐκ
183 904 300 981 ἔγνως·
323 906 352 970 εἰ
374 907 436 985 γὰρ
459 906 571 985 ἔγνως,
594 906 714 970 οὐκᾶν
736 908 910 986 κατέγνως,
935 929 1031 990 neque
1054 930 1088 971 ea
1112 911 1172 972 ulio
1194 914 1256 972 rin-

104 1014 174 1075 culo
197 1017 355 1077 coniuncta
378 1035 446 1076 cnm
469 1018 506 1076 iis
529 1035 604 1095 quae
628 1016 808 1077 antecedunt
830 1025 860 1076 et
883 1019 994 1096 scripta
1017 1019 1048 1077 iu
1066 1018 1130 1078 solo
1153 1018 1255 1079 codice

103 1121 272 1184 Harleiano.

197 1230 320 1292 Praeter
337 1232 536 1311 Apollinarem
560 1232 635 1292 alius
654 1250 773 1311 quoque
793 1250 898 1291 eorum
917 1234 969 1310 qni
992 1232 1098 1292 iisdem
1117 1236 1256 1312 tempori·

105 1337 164 1398 hirs
182 1339 305 1400 suerunt
318 1348 423 1399 contra
436 1337 581 1399 lulianum
602 1338 713 1417 aliquid
728 1341 943 1419 conscripsisse
958 1338 1075 1399 dicitur.
1103 1338 1253 1419 Ebedjesu

103 1447 185 1505 enirn
204 1449 363 1526 episcopus
382 1445 533 1526 Solensis,
551 1448 602 1524 qni
622 1463 716 1505 annos
734 1465 762 1524 p.
781 1445 812 1505 C.
832 1464 860 1504 n.
878 1441 962 1506 1318
981 1445 1060 1504 diem
1079 1464 1253 1525 supremum

103 1551 193 1632 obiit,
221 1555 254 1612 in
276 1552 408 1632 catalogo
435 1551 581 1612 librorum
604 1554 736 1612 omnium
760 1550 1031 1633 ecclesiasticorum
1054 1562 1170 1614 exstare
1195 1564 1252 1615 tra·

101 1659 180 1720 didit
203 1654 233 1720 S.
251 1654 436 1738 Ephraom
459 1655 547 1737 Syri
573 1660 750 1721 solutionem
775 1661 935 1738 impietatis
958 1659 1076 1741 luliani3
1106 1662 1143 1721 ci.
1166 1661 1252 1720 Asse·

102 1769 184 1826 mani
208 1765 277 1826 bibl.
300 1769 406 1827 orient.
431 1766 720 1827 clementino-latio.
740 1765 780 1825 ΙΙΙ
803 1765 830 1846 1,
844 1764 917 1829 633.
949 1769 1046 1846 Atque
1069 1767 1177 1828 librum
1201 1771 1253 1848 qni

101 1873 320 1934 inscriberetur
342 1873 451 1934 solutio
475 1876 633 1953 impietatis
651 1873 757 1934 loliani
780 1877 959 1952 pertinuisse
978 1874 1014 1933 ad
1033 1874 1137 1935 iuliani
1160 1874 1253 1935 libros

103 1983 168 2040 reri
195 1983 294 2060 specie
322 1998 424 2041 carere
452 2000 511 2041 unu
539 1981 669 2061 videtur3
696 1999 793 2060 neque
823 1990 922 2040 tamen
941 2000 973 2041 re
1005 2000 1073 2041 vera
1100 1984 1253 2060 pertinuit

103 2088 237 2149 lleminit
264 2091 342 2149 enim
370 2087 519 2168 Ebedjesu
543 2088 699 2149 solutionis
722 2107 758 2148 eo
782 2088 861 2167 loco,
885 2087 935 2147 ubi
959 2087 989 2148 S.
1012 2086 1161 2168 Ephraem
1184 2087 1252 2167 Syri

102 2195 202 2255 attulit
220 2199 358 2256 carmina.
396 2195 511 2266 Quare
535 2205 689 2275 permotus
711 2198 769 2255 iam
789 2197 968 2256 Assemanus
992 2204 1073 2256 recte
1097 2194 1251 2255 contendit

102 2303 228 2363 eandem
258 2322 324 2365 esse
359 2303 536 2363 solutionem
571 2306 731 2382 impietatis
762 2303 868 2363 iuliani
900 2312 988 2382 atque
1020 2320 1141 2362 carmen
1172 2300 1251 2380 quod

102 2409 133 2469 S.
158 2409 305 2488 Ephraem
333 2413 511 2490 conscripsit
538 2404 591 2470 ‘de
619 2412 827 2488 persecutione
859 2411 943 2488 impii
972 2409 1077 2469 iuliani
1109 2408 1252 2468 adversus

101 2516 245 2577 ecclesiae
268 2512 424 2597 pastores'.
461 2515 503 2577 Ci.
526 2516 555 2576 S.
574 2515 721 2596 Ephraem
745 2526 809 2577 acta
830 2536 866 2576 ex
889 2533 1034 2594 anonymo
1058 2523 1196 2594 excerpta
1220 2516 1251 2574 in

100 2624 257 2684 Assemani
280 2623 349 2684 bibl.
367 2642 411 2684 or.
430 2623 443 2682 l
460 2620 539 2684 50b.
559 2622 664 2682 xxvtt
672 2617 707 2706 ¹).
744 2622 823 2701 Ergo
846 2641 913 2682 non·
930 2624 1022 2700 magis
1041 2621 1127 2681 uobis
1146 2639 1251 2681 curan-

100 2730 160 2789 dus
178 2738 225 2790 est
244 2730 273 2790 S.
291 2729 440 2809 Ephraem
462 2749 550 2809 quam
568 2730 732 2809 Gregorius
750 2729 951 2789 Nazianzenus
975 2731 1025 2808 qui
1049 2728 1165 2789 duabus
1187 2746 1252 2787 ora-

100 2837 234 2898 tionihus
257 2837 402 2898 lulianum
425 2839 616 2916 impugnavit.

190 2944 310 3005 Primus
332 2947 424 3021 igitur
447 2943 551 3005 luliaui
576 2942 668 3004 libros
691 2944 838 3004 refutasse
857 2942 1025 3003 censendus
1048 2952 1128 3002 esset
1146 2935 1252 3002 Ioan-

100 3065 168 3114 nes
198 3047 504 3129 chrysostomus,
541 3053 567 3111 si
603 3051 676 3111 fides
708 3060 789 3111 esset
825 3047 983 3110 tribuenda
1014 3047 1116 3108 loanni
1148 3048 1250 3108 Dama·

101 3178 203 3220 sceno.
250 3159 283 3219 lu
321 3161 413 3220 sacris
446 3160 525 3218 enim
557 3157 704 3237 parallelis
739 3154 852 3237 (loann
886 3154 966 3215 llam.
995 3154 1040 3215 ed.
1068 3155 1200 3234 Lequien
1224 3154 1250 3214 ll

100 3260 184 3346 339)
206 3267 372 3328 atteruntur
395 3265 513 3327 loannis
531 3264 733 3344 chrysostomi
756 3263 859 3337 rerba,
883 3281 959 3341 qnae
982 3264 1172 3354 excipiuntur
1194 3261 1251 3321 hoc

100 3373 281 3451 fragmento:
313 3367 414 3454 de2)
437 3370 469 3432 oi
491 3369 679 3448 ἀςεβοῦνῐες
701 3366 803 3446 μόνον
810 3419 819 3450 ,
847 3366 932 3430 ἀλλὰ
954 3367 1005 3429 καὶ
1027 3365 1059 3428 oi
1077 3364 1250 3443 δυνάμενοι

101 3478 162 3554 μὲν
184 3475 366 3552 ἀπαγαγεῖν
387 3481 444 3553 τῆς
467 3474 619 3554 ἀςεβείας,
642 3477 683 3553 μὴ
708 3473 899 3553 βουλόμενοι
917 3474 953 3535 δὲ
972 3471 1017 3535 δι’
1040 3471 1177 3551 ὄκνονῆ
1198 3473 1251 3535 διὰ

99 3579 272 3663 νώθειανῆ
299 3581 418 3659 ὁμοίως
446 3582 643 3647 κολάζονται.
683 3582 717 3642 ln
745 3585 877 3660 margine
904 3590 1003 3641 autem
1031 3585 1176 3661 scriptum
1204 3590 1251 3641 est

98 3693 161 3754 τοῦ
188 3689 289 3752 αὐτοῦ
317 3684 349 3773 (ἰ.
373 3709 398 3751 e.
422 3684 639 3773 Chrysostomi)
667 3698 698 3749 et
724 3692 754 3748 iu
784 3689 886 3748 codice
914 3688 1162 3769 Rupesncaldino,
1189 3706 1250 3766 quo

100 3802 187 3879 quasi
211 3799 403 3860 fundamento
426 3800 609 3858 recensionis
633 3799 738 3857 nititur
760 3795 907 3876 Loquieu‚
929 3798 988 3856 τοῦ
1011 3794 1111 3856 αὐτοῦ
1134 3794 1169 3856 ἐκ
1191 3796 1250 3855 τοῦ

99 3900 131 3967 α’
145 3904 228 3981 πρὸε
247 3899 335 3987 (sict)
359 3900 541 3967 Ἰουλιανόν.
582 3902 685 3982 Neque
709 3912 808 3963 tamen
831 3905 1023 3963 inveniuntur
1046 3922 1079 3962 ea
1103 3900 1191 3960 rerba
1219 3903 1249 3961 in

175 4082 203 4147 1)
221 4077 373 4148 Ephe-aemi
396 4079 494 4130 contra
517 4075 654 4128 Iulianum
678 4075 802 4128 carmine
824 4074 914 4129 edidit
936 4074 1092 4141 Overbeck,
1118 4071 1145 4127 S.
1164 4072 1249 4140 Ephr.

99 4168 166 4236 syri
188 4171 242 4222 etc.
266 4183 352 4236 opera
376 4166 424 4220 sei
449 4163 549 4218 Oxonii
574 4169 656 4232 1865,
684 4164 771 4217 vertit
795 4163 917 4230 Bickell‚
945 4162 1075 4216 Zeitechr.
1096 4162 1115 4215 f.
1139 4161 1249 4215 kathol.

98 4255 256 4326 theologie
273 4254 300 4308 Π
320 4258 388 4308 1878
407 4272 434 4323 p.
454 4258 604 4307 sas—aso.

172 4347 201 4415 2)
219 4346 278 4399 Οὐκ
295 4345 325 4398 in
343 4347 396 4412 οὐχ
413 4343 529 4398 mutavi

171 4439 199 4503 3)
219 4436 344 4488 Νωθειαν
363 4434 462 4503 scripsi
479 4449 531 4502 pro
548 4432 668 4486 νοθείαν.
