2926 5040
480 331 521 384 De
540 329 642 384 Iuliani
659 329 793 384 librorum
813 329 888 383 fatis.
1216 326 1256 390 17

106 499 251 558 iecturam
272 496 447 558 Theodorus
466 495 547 558 Zahn
567 516 601 557 eo
622 496 700 576 quod
718 496 858 575 redargui
877 513 936 556 non
957 503 1056 574 potest
1075 503 1257 573 argumento.

105 604 320 665 Animadvertit
335 606 412 665 enim
433 607 464 665 in
482 605 690 666 dissertatione
710 623 763 665 sua
778 605 814 664 dc
829 603 956 664 Macario
971 605 1080 682 scripta
1096 597 1257 682 (Brieger‘s

108 711 280 772 Zeitschrilt
316 713 364 772 liar
393 711 695 791 Kirchengeschichte
724 709 793 773 113
820 708 904 772 1878
933 730 961 789 p.
984 705 1065 792 453)
1095 710 1259 771 eorundem

106 818 256 880 interdum
277 818 410 880 locorum
425 838 460 880 ex
480 819 564 880 libris
580 821 672 879 sacris
692 820 888 898 repetitarum
903 817 973 877 alias
988 818 1115 877 inveniri
1131 819 1258 896 scriptu·

106 944 156 986 ras
180 926 256 1005 apud
275 925 484 1006 philosophum
504 926 575 986 alias
594 926 671 1006 apud
691 925 860 986 Macarium.
904 925 961 984 Sed
987 925 1065 985 trude
1085 924 1259 1003 deprompta

107 1040 178 1092 sunt
197 1031 364 1112 philosophi
384 1029 530 1093 crimina?
566 1032 638 1093 Nam
659 1051 692 1092 ea
712 1051 748 1092 ex
771 1032 969 1112 complurium
992 1031 1076 1093 lihris
1095 1050 1160 1091 esse
1180 1050 1258 1091 com·

106 1139 196 1218 pilata
220 1139 321 1201 credat
340 1139 466 1200 Iudaeus
486 1139 595 1219 Apella.
632 1138 729 1200 Unum
754 1141 833 1199 eninr
856 1140 887 1198 in
912 1138 1049 1200 omnihus
1073 1147 1119 1199 est
1142 1138 1259 1199 dicendi

107 1265 216 1326 genuS,
244 1265 302 1307 una
331 1246 555 1326 argumentandi
584 1249 668 1307 ratio.
705 1247 746 1306 Ac
774 1246 810 1306 de
834 1245 946 1307 Iuliano
976 1247 1095 1326 quidem
1120 1247 1260 1324 cogitavit

108 1352 267 1414 Moellerus
298 1349 486 1435 (Schuerer's
515 1354 715 1433 theologische
744 1352 1013 1432 Literaturzeitung
1039 1350 1122 1414 1877
1147 1352 1197 1412 Nr.
1219 1348 1259 1412 19

105 1478 134 1538 p.
158 1455 252 1540 525),
289 1461 434 1538 cogitasse
468 1460 584 1521 videtur
617 1460 792 1520 Theodorus
825 1459 905 1520 Zahn
943 1453 1022 1542 (loco
1052 1478 1141 1539 supra
1174 1457 1259 1518 allato

105 1584 134 1643 p.
155 1561 248 1649 452),
271 1576 425 1647 permotus
449 1575 575 1646 uterque
600 1566 717 1627 dachus
740 1567 859 1627 Macarii
883 1567 965 1647 locis,
988 1566 1039 1627 uhi
1063 1565 1255 1646 philosophus

108 1675 156 1733 sui
184 1677 326 1752 temporis
356 1678 500 1735 rationem
531 1674 655 1735 reddere
685 1674 809 1736 videtur.
851 1674 959 1753 Pagina
989 1676 1067 1734 enim
1100 1670 1163 1734 163
1193 1673 1259 1752 plus

107 1787 260 1841 trecentos
288 1800 380 1842 annos
409 1783 480 1843 dicit
508 1783 661 1842 transiisse
693 1790 761 1861 post
789 1791 936 1842 extremas
964 1779 1074 1842 Christi
1103 1783 1259 1841 orationes.

111 1883 167 1947 Καὶ
200 1883 282 1964 ἰδοὺ,
314 1891 424 1968 inquit,
457 1885 618 1964 τριακόεια
646 1887 665 1965 ἢ
694 1887 744 1949 καὶ
773 1887 950 1964 περαιτέρω
978 1886 1162 1949 διῖπτιευεεν
1191 1883 1259 1966 ἔτη,
1293 1911 1296 1916 ·

109 1995 215 2071 pagina
239 2002 337 2055 autem
359 1992 466 2076 160,6
490 2002 558 2074 post
577 1997 717 2075 scriptam
737 1996 821 2055 Pauli
840 1996 876 2055 ad
894 1973 1176 2055 Thessalonicenses
1200 1994 1260 2072 epi-

109 2099 217 2159 stulam
247 2104 377 2180 priorem
406 2103 507 2162 itidem
536 2111 686 2163 trecentos
715 2121 816 2164 annos.
854 2102 983 2163 Dubium
1011 2103 1090 2161 enim
1119 2119 1177 2160 non
1206 2109 1261 2181 est,

110 2209 183 2286 quin
207 2207 375 2268 Blondelius
400 2218 480 2269 recte
505 2211 663 2270 incitaverit
686 2206 740 2285 ἔτη
764 2206 935 2286 τριάκοντα
957 2211 988 2268 in
1012 2204 1066 2283 ἔτη
1090 2203 1259 2283 τριακόεια.

109 2315 206 2393 Atque
231 2315 318 2375 etiam
342 2317 447 2375 afferre
472 2316 614 2394 (praedam
639 2335 774 2398 possum,
805 2296 880 2396 {puae
908 2320 939 2377 in
968 2314 1135 2395 philosophi
1162 2312 1261 2373 verhis

109 2418 255 2480 lulianum
288 2419 376 2480 olent.
426 2421 469 2482 lta
492 2441 519 2501 p.
544 2418 644 2504 55,2
681 2423 768 2483 rerba
802 2424 944 2501 qaraedam
977 2421 1116 2483 Matthaei
1153 2417 1261 2481 ὕθλων

109 2524 285 2602 καπηλικὸν
319 2528 389 2588 dicit
423 2525 628 2608 philosophus:
666 2528 797 2590 lulianus
830 2530 906 2609 apud
936 2529 1076 2609 Cyrillum
1106 2548 1133 2607 p.
1157 2524 1260 2588 2381]

110 2632 294 2694 Christianos
318 2637 474 2716 vituperat,
498 2635 577 2714 quoii
602 2654 769 2714 cauponum
793 2639 882 2698 vitam
906 2639 1073 2698 imitentur:
1106 2631 1184 2711 βίαι(
1207 2628 1261 2695 ἀν-

110 2737 252 2815 θρώπων
271 2737 400 2817 ἑτέρων,
420 2741 573 2818 καπήλων
663 2738 833 2817 ἁρμόττειν
854 2740 978 2823 ᾡήθητε
998 2745 1111 2819 χρῆναι
1129 2739 1169 2802 τὰ
1188 2736 1263 2816 παρ>

111 2844 195 2924 ὑμῖν.
227 2847 308 2908 ldcm
327 2867 356 2927 p.
375 2844 455 2908 39A
479 2849 636 2927 profitetur
659 2845 715 2908 τὰ(
737 2845 838 2909 αἰτία(
856 2846 998 2909 ἐκθέεθαι
1021 2849 1115 2910 πᾶτιν
1139 2843 1262 2923 ἀνθρώ-

111 2973 185 3016 ποις
203 2950 263 3031 ὑφ’
283 2949 330 3015 ὧν
353 2951 542 3034 ἐπεί(θη[ν],
567 2951 616 3015 ὅτι
639 2956 705 3015 τῶν
725 2951 900 3016 Γαλιλαίων
919 2953 938 3033 ἡ
959 2952 1112 3032 εκευωρὶα
1135 2951 1262 3029 πλόκμα

110 3058 203 3122 ἐετίν.
236 3060 347 3121 Eodem
373 3062 459 3122 modo
483 3062 677 3142 philosophus
700 3083 728 3142 p.
748 3059 799 3143 56,
822 3060 861 3123 10
885 3059 913 3124 εἰ
935 3060 996 3139 γὰρ
1020 3058 1123 3129 ὄντωε
1147 3057 1263 3136 ἀληθὲς

111 3169 210 3228 τοῦτο
233 3166 284 3228 καὶ
308 3168 348 3246 μὴ
368 3165 495 3245 πλάεμα
518 3166 682 3250 τυγχάνει,
706 3188 733 3248 p.
754 3165 806 3250 57,
828 3168 868 3231 12
891 3166 977 3251 ὅθεν,
1000 3166 1044 3230 ὡ(
1067 3167 1132 3243 ἐγὼ
1157 3164 1263 3248 κρίνω,

112 3269 239 3349 πλάεμα
267 3277 322 3350 τῆ(
350 3272 487 3352 ‘aesopius
510 3273 627 3353 ταύτηε
654 3274 674 3353 ἡ
698 3272 867 3358 ἀφήγηειε;
897 3295 926 3356 p.
950 3272 1007 3357 57,
1034 3274 1074 3335 14
1102 3271 1129 3337 εἰ
1153 3269 1181 3333 δ’
1204 3269 1263 3335 οὖν

113 3376 240 3456 πλάεμα
264 3378 414 3458 τυγχάνει
438 3390 468 3442 et
491 3385 617 3462 saepius.
655 3382 772 3463 Optime
804 3386 890 3443 etiam
920 3382 1078 3443 exclamari
1100 3390 1265 3462 potuerunt

112 3506 128 3547 a
147 3485 260 3548 Iuliano
278 3506 366 3549 voces
389 3508 417 3569 p.
432 3485 484 3571 55,
501 3485 541 3550 15
566 3492 629 3565 φεῦ
648 3491 704 3566 τῆς
723 3485 938 3551 &authenticat
963 3491 1026 3565 φεῦ
1045 3490 1102 3562 τῆε
1126 3489 1262 3563 κωμικῆς

113 3590 251 3669 πλάνηελ
275 3603 305 3655 et
324 3597 349 3656 si
367 3596 561 3677 philosophus
580 3618 607 3677 p.
623 3593 675 3678 55,
692 3596 729 3657 11
752 3595 778 3656 ὢ
798 3584 908 3673 puoo'c,
929 3599 1034 3677 inquit,
1057 3593 1214 3672 ὢλῆροτ,
1235 3593 1262 3656 ὢ

113 3700 219 3774 γέλω(
233 3696 337 3762 ὄντωε
350 3702 472 3763 πλατὺ(
487 3704 669 3783 respondent
683 3703 787 3764 luliani
801 3703 890 3764 verba
904 3706 1016 3764 ironice
1032 3703 1109 3763 dicta
1129 3723 1157 3782 p.
1168 3698 1262 3762 2241)

114 3804 141 3866 ιῖι
170 3806 304 3882 μέγεθος
331 3804 457 3886 ἀρετῆεέ
492 3807 518 3870 ὢ
548 3808 662 3886 copiae
690 3808 844 3871 πλαῡτοεΙ
880 3809 976 3888 Atque
1006 3811 1093 3870 etiam
1121 3827 1154 3868 ea
1187 3826 1263 3885 quae

114 3933 142 3992 p.
158 3910 211 3997 56,
226 3911 269 3975 20
281 3933 344 3994 sqq.
368 3914 404 3975 de
424 3914 617 3977 harbarorum
641 3919 748 3996 pugnis
772 3917 921 3996 dicuntur,
945 3916 1028 3977 lacile
1052 3922 1178 3995 possunt
1197 3933 1263 3974 esse

115 4019 229 4080 luliani.
265 4021 382 4082 Maximi
406 4031 505 4084 autem
525 4027 666 4084 momenti
685 4024 801 4084 violetur
824 4024 880 4083 hoc
900 4042 975 4083 esse.
1011 4022 1072 4081 lam
1094 4021 1263 4099 supradixi

114 4128 145 4186 in
179 4127 277 4188 medio
309 4128 384 4189 lihro
416 4133 504 4191 tertio
538 4133 696 4191 transitum
729 4132 793 4191 lieri
826 4150 841 4190 a
872 4132 1005 4190 tractatis
1035 4128 1193 4207 evangeliis
1226 4128 1262 4188 ad

115 4234 325 4295 examinandos
349 4236 481 4316 reliquos
500 4239 567 4297 novi
590 4239 759 4297 testamenti
778 4236 878 4297 libros.
915 4235 975 4296 lam
997 4239 1022 4296 si
1041 4235 1264 4295 consideramus

114 4340 250 4420 perditos
273 4359 339 4402 csse
368 4344 497 4421 primum
521 4351 551 4403 et
574 4345 710 4422 quintum
734 4343 853 4404 Macarii
875 4342 996 4424 librum,
1025 4341 1147 4403 collecta
1165 4342 1263 4421 'philo-

115 4446 202 4527 sophi
222 4449 345 4508 crimina
373 4449 450 4510 idem
475 4449 629 4510 statuenda
658 4458 728 4510 sunt
752 4452 878 4529 spatium
903 4468 1064 4529 occupasse
1092 4458 1181 4528 atque
1205 4450 1264 4510 duo

171 4558 278 4598 Iulianus
292 4558 325 4601 sd.
340 4559 467 4601 Neumann.
1034 4558 1049 4604 2
