2910 5034
205 328 270 392 116
706 326 795 398 Capul
813 327 846 381 Il.

205 496 405 558 Animadverti
433 504 531 557 autem
560 499 652 578 iuvat,
681 516 768 576 quem
793 498 954 557 servaverit
977 495 1108 556 lulianus
1136 497 1166 556 in
1190 495 1358 556 tractandis

206 604 331 666 deorum
349 604 434 665 donis
449 606 664 665 sententiarum
680 604 822 664 ordinem.
855 604 962 683 Incipit
977 606 1054 664 enim
1075 603 1110 663 ab
1131 605 1361 664 enumeratione

206 731 306 774 earum
331 731 434 773 rerum
457 731 532 791 quae
554 714 675 791 paganis
699 712 765 772 data
788 714 861 772 sint:
885 730 918 772 ac
942 713 1070 791 primum
1090 711 1211 789 quidem
1236 728 1360 770 enume-

204 828 250 880 rat
273 819 400 900 litteras,
430 819 536 880 deinde
564 821 644 879 viros
672 821 703 878 in
732 837 765 879 re
793 818 911 897 publica
935 818 1127 892 excellentes,
1157 820 1282 878 tertium
1311 836 1360 877 res

206 945 305 987 sacras
313 920 347 1010 ¹).
385 925 500 998 Quibus
524 927 642 986 inverso
662 925 765 985 ordine
790 927 911 1004 opponit
929 923 1106 985 Iudaeorum
1126 933 1156 984 et
1175 923 1359 985 Christiano·

206 1052 272 1093 rum
296 1032 395 1093 lesum
417 1032 610 1113 Nazarenum,
633 1051 695 1092 rem
720 1031 882 1111 publicam,
906 1031 1028 1093 litteras.
1066 1030 1163 1091 Aede
1187 1030 1361 1110 republica

208 1126 305 1200 tribus
329 1142 388 1219 agit
412 1142 592 1219 fragmentis.
630 1139 702 1198 Nam
730 1139 792 1199 fere
822 1157 939 1217 semper
966 1140 997 1197 in
1026 1136 1152 1198 aliorum
1179 1136 1361 1217 populorum

207 1254 355 1325 potestate
375 1255 476 1307 narrat
499 1247 590 1306 fuisse
610 1245 733 1306 ludaeos
753 1247 790 1324 fg.
806 1242 903 1306 2091)
919 1264 996 1326 sqq,
1020 1263 1099 1305 nunc
1119 1246 1197 1303 enim
1218 1243 1362 1305 Romanis

207 1372 258 1413 eos
287 1372 353 1414 esse
382 1346 558 1433 subdtt0s2).
603 1350 705 1431 Neque
733 1354 831 1412 minus
861 1351 959 1411 lesum
982 1350 1167 1411 Nazarenum
1194 1353 1226 1411 in
1255 1369 1363 1411 eorum

207 1479 332 1521 numero
357 1461 458 1541 fnisse,
481 1461 533 1538 qui
551 1458 751 1519 Romanorum
776 1460 948 1537 imperatori
971 1458 1110 1519 oboedire
1135 1465 1237 1518 essent
1256 1460 1363 1518 coacti.

209 1566 251 1625 Ea
275 1574 383 1645 autem,
407 1564 516 1644 quibus
540 1563 569 1623 id
593 1565 752 1643 exponitur
776 1563 881 1624 loliani
904 1564 1006 1645 verba,
1041 1583 1068 1643 g.
1084 1561 1183 1625 213Α
1199 1583 1278 1646 sqq,
1302 1582 1363 1642 quo

210 1673 324 1734 facilius
356 1692 425 1733 cum
458 1671 701 1733 antecedentibus
730 1674 997 1752 coniungerentur,
1033 1671 1164 1750 paullum
1199 1671 1288 1731 modo
1322 1675 1365 1731 ita

210 1782 394 1862 mutaverim,
417 1789 450 1841 nt
473 1779 571 1840 verbis
595 1775 613 1838 ὁ
637 1773 716 1853 τταρ>
740 1775 813 1853 ὑμῖν
837 1775 1069 1854 κηρυττόμενος
1093 1773 1207 1854 Ἰητοῦ(
1230 1781 1365 1858 particu-

211 1886 267 1946 lam
291 1884 342 1947 καὶ
364 1889 600 1967 praemitterem,
627 1903 701 1964 quae
726 1880 838 1945 ‘etiam'
861 1885 918 1946 hoc
942 1886 1007 1945 loco
1031 1885 1219 1963 significaret.
1257 1885 1366 1964 Neque

211 2013 280 2054 vero
305 1995 378 2054 ferri
404 2013 492 2073 posse
521 2003 580 2054 tarn
605 1995 746 2053 miserum
775 1995 820 2052 rei
847 1991 982 2071 publicae
1012 2002 1121 2054 statum
1148 2011 1182 2052 ac
1206 2011 1243 2052 ne
1269 2011 1368 2053 unum

102 2125 122 2142 ν
210 2101 328 2180 quidem
363 2102 490 2160 inveniri
522 2100 599 2180 apud
627 2099 751 2160 ludaeos
780 2099 900 2180 ducem,
932 2101 983 2178 qui
1016 2118 1084 2160 crim
1117 2099 1285 2159 Alexandro
1313 2108 1368 2159 aut

211 2207 337 2268 Caesare
357 2208 488 2268 conferri
505 2209 609 2287 possit,
627 2226 656 2285 p.
671 2202 735 2267 218
747 2223 810 2284 sqq.
835 2206 970 2285 explanat
988 2205 1127 2266 lulianus
1165 2205 1239 2265 Dein
1264 2205 1367 2266 tribus

212 2333 287 2394 quae
312 2323 479 2393 sequuntur
503 2313 676 2391 fragmentis
700 2311 735 2371 de
761 2311 867 2373 litteris
891 2315 950 2391 agit
971 2312 1149 2372 ludaeorum
1172 2322 1203 2372 et
1221 2312 1368 2373 Christia-

211 2440 331 2503 norum3
360 2428 476 2481 exstant
500 2429 597 2481 antem
627 2419 699 2479 haec
723 2419 887 2498 fragmenta
909 2438 938 2498 p.
953 2416 1016 2479 221
1031 2419 1055 2479 Ε
1070 2438 1148 2499 sqq,
1171 2416 1236 2479 224
1250 2419 1273 2479 C
1289 2439 1369 2501 sqq,

170 2566 172 2570 ⁴
211 2527 307 2590 2290
323 2547 386 2607 sqq.
427 2527 560 2598 Quorum
580 2529 709 2606 primum
729 2526 800 2605 quid
820 2525 877 2587 sibi
895 2525 966 2586 velit
988 2527 1099 2587 frustra
1119 2545 1225 2587 eruere
1249 2526 1368 2587 labora-

212 2639 300 2717 veris,
324 2637 381 2695 nisi
404 2633 493 2694 verba
512 2633 617 2693 loliani
635 2653 663 2713 p.
678 2630 774 2694 221Ε
799 2633 930 2693 codicem
950 2632 1131 2693 Marcianum
1153 2630 1216 2693 123
1239 2642 1369 2694 secutus

211 2746 253 2803 ita
277 2743 483 2802 constitueris:
506 2735 577 2800 ἀλλ’
596 2736 615 2799 ὁ
637 2743 693 2816 τῆ(
717 2737 879 2801 πολιτεία(
898 2737 1010 2815 θεεμό(
1034 2737 1085 2800 καὶ
1108 2737 1207 2801 rhetor
1226 2740 1295 2800 τῶν
1319 2741 1368 2800 δι-

212 2844 398 2924 καττηρίων,
420 2846 440 2924 ἡ
465 2845 500 2907 δὲ
519 2845 592 2921 περὶ
615 2844 671 2907 τὰ(
690 2844 801 2908 πόλει(
819 2843 984 2921 οἰκονομία
1003 2843 1053 2907 καὶ
1073 2843 1110 2907 τὸ
1134 2843 1260 2922 κάλλος,
1285 2845 1304 2932 ἡ
1329 2845 1368 2908 δὲ

213 2955 249 3018 ἐν
272 2957 340 3017 roic
359 2953 534 3031 μαθήματιν
553 2950 692 3015 tattone
715 2951 775 3030 οὐχ
793 2950 946 3031 Ἑβραίων
965 2951 1023 3027 μὲν
1041 2951 1081 3030 ἦν
1100 2948 1193 3013 ἀθλία
1217 2951 1269 3013 καὶ
1290 2955 1368 3029 βαρ-

217 3061 340 3140 βαρική;
379 3061 513 3121 Tertium
537 3069 637 3120 autem
660 3062 858 3140 fragmentum
880 3057 974 3120 2294]
990 3078 1052 3138 sqq.
1077 3058 1181 3120 lacuna
1204 3060 1368 3138 discissum

213 3177 259 3230 est
282 3166 347 3230 229
361 3167 394 3229 Ε.
433 3166 490 3228 Ubi
513 3169 593 3227 enirn
620 3170 714 3228 vetuit
737 3167 868 3229 lulianus
891 3167 1075 3228 Christianos
1099 3166 1226 3227 Graecas
1248 3166 1369 3228 litteras

214 3276 347 3358 edoceri,
377 3283 544 3354 sequuntur
573 3272 673 3352 Cyrilli
700 3273 789 3334 verba
817 3272 868 3335 καὶ
897 3269 970 3351 μεθ’
993 3271 1094 3350 ἕτερα.
1140 3273 1214 3333 Dein
1242 3277 1370 3353 exponit

289 3485 315 3552 1)
339 3483 369 3537 P.
389 3485 475 3537 eooA
499 3482 612 3536 exstant
637 3480 708 3534 haec
731 3480 833 3534 iuliani
856 3480 890 3534 de
915 3479 1081 3549 Aesculapio
1105 3479 1202 3534 verba:
1230 3480 1313 3534 ἔλαθέ
1334 3497 1369 3548 με

217 3569 316 3640 μικροῦ
336 3573 369 3624 τὸ
385 3573 511 3637 μέγιετον
529 3576 588 3625 τῶν
604 3569 696 3623 Ἡλίου
715 3572 759 3623 καὶ
775 3571 842 3622 Διὸ(
862 3570 970 3636 δώρων.
999 3568 1104 3634 Quibus
1120 3585 1134 3622 e
1149 3567 1250 3635 verbis,
1269 3567 1370 3638 impri-

215 3661 269 3714 mis
285 3663 380 3716 autem
395 3678 436 3728 eo,
451 3660 526 3729 quod
540 3659 614 3714 inter
628 3675 657 3713 se
673 3660 870 3727 comparantur
884 3656 1066 3725 Aesculapius
1082 3659 1110 3711 ei
1124 3656 1260 3724 Christus,
1275 3673 1368 3726 neque

216 3750 309 3804 minus
330 3767 363 3805 ex
381 3748 430 3817 iis,
449 3766 520 3818 quae
539 3749 569 3802 in
588 3748 796 3817 comparatione
816 3748 850 3802 de
869 3746 1035 3815 Aesculapio
1058 3745 1266 3815 praedicantur,
1289 3745 1370 3800 lucu·

215 3839 370 3896 lentissime
381 3840 507 3909 apparet,
521 3838 686 3908 religionem
701 3836 791 3906 magis
801 3853 885 3906 quam
896 3835 1101 3904 philosophiam
1116 3835 1200 3889 fuisse
1210 3833 1370 3888 doctrinam

215 3946 299 3998 quam
318 3945 450 3984 vocamus
468 3927 701 3997 neoplatonicam.
735 3925 811 3990 Quae
827 3924 918 3994 qualis
937 3923 1031 3992 fuerit,
1050 3924 1118 3992 quid
1136 3922 1258 3979 voluerit
1275 3939 1369 3992 neque

215 4019 319 4075 rectius
336 4033 427 4086 neque
445 4016 566 4087 pressius
581 4015 689 4070 definiri
707 4031 788 4085 posse
809 4031 906 4069 censeo
926 4031 1010 4082 quam
1029 4013 1063 4067 iis
1082 4013 1176 4068 verbis
1191 4029 1268 4082 -quae
1288 4029 1370 4066 ocea-

215 4108 292 4164 sione
306 4110 374 4162 date
387 4105 518 4160 Alfredus
532 4106 567 4160 de
582 4104 748 4160 Gulschmid
762 4103 967 4173 pronuntiavit:
989 4103 1050 4156 ‘der
1064 4102 1315 4171 Neuplctonismus
1330 4104 1370 4155 ist

215 4198 276 4252 eine
296 4195 518 4266 Contrereligion
536 4212 628 4264 gagen
647 4195 696 4248 das
716 4192 947 4247 Christenthum’.

288 4290 315 4357 2)
334 4287 396 4340 Huc
415 4287 543 4354 spectant
556 4301 603 4353 ea,
623 4301 695 4355 quae
714 4300 747 4337 ex
766 4282 906 4336 Theodori
921 4279 1110 4350 Mopsuesleni
1128 4280 1265 4334 librorum
1284 4279 1370 4334 Iulia-

218 4393 333 4430 neorum
353 4375 521 4430 refutatione
539 4375 651 4428 exstant
669 4373 698 4426 in
711 4370 858 4425 Fritaschii
877 4371 1000 4425 editione
1020 4387 1120 4424 comm.
1140 4369 1169 4421 in
1184 4369 1219 4421 N.
1234 4369 1267 4421 Τ.
1286 4387 1312 4437 p.
1327 4376 1370 4438 11,

216 4469 250 4517 aa
262 4494 295 4503 -
308 4470 352 4531 12,
372 4469 395 4516 o.
