2926 5040
472 322 514 376 Do
532 321 634 376 Iuliani
651 319 731 375 libris
749 319 937 375 reslibuendis.
1231 320 1273 384 97

125 489 205 547 enim
225 495 296 548 sunt
313 489 367 549 ita:
385 486 437 549 καὶ
456 487 495 564 δὴ
514 486 732 565 (υγγέγραφαι
754 485 864 565 βιβλία,
884 487 936 548 ubi
955 485 1174 561 ευγγέγραφαι
1193 505 1274 547 men-

123 592 195 654 dose
219 596 365 673 scriptum
393 612 458 654 esse
486 613 542 673 pro
570 593 772 670 (υγγὲγραφε
801 613 888 655 nemo
916 612 976 654 non
1006 592 1093 653 videt.
1134 593 1276 655 Exstabat

124 709 223 760 autern
247 699 392 761 librorum
417 718 561 760 numerus
584 703 615 760 in
640 701 742 761 codice
766 703 967 761 vetustissimo
991 699 1165 779 Capnionis,
1189 701 1275 760 cuius

125 808 215 868 verba
243 811 284 869 ita
311 809 401 869 vertit
424 804 667 886 Oecolampadius
691 807 709 867 l.
732 805 789 868 lh:
822 803 868 868 ‘et
891 817 952 868 tres
978 800 1160 885 ¹conscripsit
1183 806 1274 867 libros

126 915 268 976 adversus
297 922 398 975 sancta
421 909 589 992 Evangelia'
613 920 670 973 etc.
706 913 772 973 lluc
796 912 910 974 aceedit
933 914 1012 993 quod
1039 932 1094 972 vox
1118 909 1189 988 τρία
1216 903 1274 973 non

125 1021 326 1102 desideratur,
358 1020 408 1080 ubi
441 1020 513 1080 haec
542 1019 643 1100 Cyrilli
671 1018 807 1080 verba'a
829 1019 971 1080 Michaele
1001 1020 1089 1099 Glyca
1118 1019 1276 1080 laudantur

126 1148 154 1208 p.
173 1125 240 1190 470
257 1121 384 1208 bonn.¹)
420 1127 524 1205 Neque
547 1129 631 1206 parvi
652 1125 863 1186 aestimandam
889 1145 955 1187 esse
979 1129 1045 1186 eius
1069 1130 1274 1187 auctoritatem

125 1234 193 1295 inde
226 1235 370 1313 efficitur,
408 1233 488 1312 quod
524 1233 645 1294 annales
679 1235 744 1293 eius
773 1236 857 1313 prius
891 1235 1048 1313 compositi
1083 1244 1154 1295 sunt
1187 1253 1276 1314 quam

124 1344 228 1420 scripti
264 1341 414 1421 Gyrilliani
454 1342 554 1420 operis
589 1340 707 1401 codices
743 1342 794 1418 qui
828 1339 864 1400 ad
907 1348 1038 1401 nostram
1072 1350 1274 1420 pervenerunt

125 1456 251 1509 aetatem
288 1447 323 1508 ad
361 1467 454 1509 unum
486 1465 603 1528 omnes,
641 1456 671 1507 et
705 1447 783 1525 quod
817 1447 1037 1526 deprompsisse
1071 1466 1140 1507 eum
1174 1447 1274 1526 Cyrilli

124 1553 213 1614 verba
250 1573 287 1615 ex
322 1556 451 1634 optimae
490 1563 577 1615 notae
612 1552 729 1614 codice·
754 1553 937 1632 intellegitur
968 1572 1003 1613 ex
1042 1555 1191 1633 scriptura
1232 1572 1275 1634 ea,

125 1679 216 1738 quam
235 1678 325 1739 supra
345 1660 481 1721 adnotavi
501 1660 725 1721 dissentientem
745 1678 760 1719 a
780 1662 928 1739 scriptura
948 1678 1035 1738 quam
1055 1678 1193 1721 vocamus
1214 1660 1276 1721 vul·
1359 1709 1363 1718 .

123 1775 206 1847 gata,
234 1769 470 1827 consentientem
498 1786 565 1827 cum
595 1766 659 1827 cod.
682 1767 830 1828 Marciano
857 1763 928 1828 123.
972 1765 1051 1846 Ergo
1080 1766 1276 1828 dubitandum

124 1891 186 1933 non
212 1881 271 1954 est,
299 1875 370 1952 quin
398 1891 432 1933 re
462 1891 530 1933 vera
561 1876 652 1933 trium
680 1873 767 1934 modo
791 1873 896 1933 luliani
919 1872 1064 1933 librorum
1093 1876 1275 1934 mentionem

124 1981 233 2040 lecerit
262 1978 396 2059 Cyrillus.
424 1979 505 2039 iam
532 1998 601 2039 vero
633 1982 767 2058 quaestio
798 1986 863 2039 orta
890 1986 944 2059 est,
974 1980 1036 2038 utri
1059 1980 1132 2039 fides
1161 1983 1199 2040 sit
1227 1980 1275 2040 ha·

124 2084 236 2167 hendo,
263 2085 442 2165 Hieronymo
470 2104 508 2145 an
536 2085 654 2164 Gyrillo.
696 2085 791 2156 Quam
819 2104 887 2145 cnm
920 2087 951 2144 in
984 2083 1073 2145 dnbio
1106 2085 1275 2164 reliquisset

125 2191 339 2273 Spanhemius,
374 2195 425 2272 qui
459 2195 490 2253 in
524 2193 707 2271 praefatione
744 2192 882 2253 editionis
913 2209 983 2251 suae
1014 2210 1138 2270 operum
1169 2190 1276 2253 Iuliani

123 2286 164 2378 p.
177 2295 220 2359 47
256 2297 293 2358 de
324 2317 358 2358 ea
392 2317 426 2359 re
460 2299 655 2378 disseruerat,
685 2297 839 2359 Fabricius
873 2301 913 2359 ita
949 2298 1035 2358 solvit
1065 2297 1111 2358 vel
1152 2297 1275 2359 solvisse

124 2403 294 2486 videbatur,
319 2415 351 2465 ut
374 2408 551 2466 sententiam
580 2424 664 2465 suam
688 2405 826 2466 omnibus
854 2404 1007 2484 probaret,
1035 2407 1087 2481 qui
1114 2414 1183 2484 post
1206 2424 1274 2465 eum

123 2510 225 2590 paullo
248 2513 417 2572 accuratius
440 2510 476 2571 de
500 2511 604 2572 Iuliani
628 2511 712 2572 libris
735 2521 870 2590 egerunt.
906 2508 1034 2593 Brotulit
1057 2519 1155 2571 autem
1174 2511 1275 2571 Fabri·

123 2619 193 2676 cius
211 2619 412 2678 coniecturam
442 2636 524 2678 suam
549 2620 579 2678 in
602 2616 672 2678 bibl.
692 2618 793 2678 Graec.
818 2616 873 2677 vol.
893 2610 950 2676 Vl4.
974 2635 1002 2695 p.
1020 2612 1082 2677 738
1099 2636 1142 2696 sq.
1179 2618 1275 2696 btque

124 2731 250 2784 secutus
272 2723 485 2803 Hieronymum
509 2727 678 2785 constitisse
703 2734 805 2785 censet
828 2743 904 2804 opus
925 2723 1030 2783 luliani
1053 2722 1137 2783 libris
1161 2733 1276 2803 septem

123 2838 216 2909 atque
240 2848 276 2890 ex
303 2832 340 2890 iis
367 2839 429 2891 tres
453 2833 546 2890 sacris
576 2831 734 2910 evangeliis
762 2833 913 2910 oppositos
941 2829 1045 2890 decem
1073 2829 1158 2890 libris
1181 2829 1275 2890 Theo-

124 2937 212 2998 dosio
235 2939 345 2998 iuniori
367 2938 540 3017 imperatori
568 2937 673 2998 dicatis
696 2938 864 2999 confutatos
893 2956 958 2998 esse
982 2956 998 2997 a
1022 2936 1130 3016 Cyrillo
1153 2936 1275 2996 Alexan-

125 3044 223 3115 drino.
251 3045 347 3122 Atque
362 3062 414 3104 eos
433 3042 553 3123 quidem
573 3045 664 3104 luisse
682 3039 868 3120 ἀνατροπὴν
887 3043 965 3103 illam
984 3043 1051 3103 τῶν
1066 3039 1274 3119 εὐαγγελίων,

125 3152 215 3211 cuius
234 3152 415 3210 mentionem
434 3150 560 3211 iecerint
579 3149 774 3229 Theophanes
793 3160 823 3211 et
837 3149 998 3210 Cedrenus.
1033 3148 1091 3209 Sed
1107 3149 1275 3210 Cedrenum

127 3266 164 3317 ut
186 3258 346 3335 mittamus,
369 3258 421 3334 qui
444 3274 480 3316 ex
499 3255 678 3335 Theophane
702 3275 755 3316 sua
779 3250 922 3339 hausit:²)
946 3272 983 3315 ne
1003 3255 1191 3336 Theophanis
1211 3259 1274 3335 qui-

125 3362 197 3423 dem
219 3362 308 3422 verba
331 3361 420 3423 ullius
444 3371 515 3423 sunt
532 3365 684 3443 momenti,
708 3381 777 3423 cum
795 3372 899 3423 auctor
918 3365 983 3423 eius
1002 3364 1041 3422 sit
1059 3365 1122 3441 ipse
1141 3361 1276 3441 Cprillus.
1324 3444 1329 3451 Ι

126 3467 206 3528 Sunt
223 3477 323 3528 autem
340 3468 529 3548 Theophanis
551 3468 624 3529 haec
642 3489 671 3548 p.
687 3466 742 3550 80,
761 3467 800 3531 13
816 3488 879 3548 sqq.
899 3469 1005 3529 boun:
1030 3463 1216 3546 ἀνατροπὴν
1239 3468 1275 3529 δὲ
1367 3520 1370 3527 ,

200 3711 227 3776 1)
244 3710 308 3765 Non
326 3709 468 3779 discrepat
491 3711 629 3780 scriptura
649 3710 796 3765 Michaelis
816 3710 921 3778 Glycae
945 3709 1050 3765 codicis
1069 3710 1206 3765 Marciani
1224 3717 1276 3764 402

124 3815 199 3855 saec.
214 3797 288 3852 XIlI.
302 3799 408 3868 scripti,
427 3816 510 3868 quem
524 3815 542 3852 a
555 3799 683 3854 Bekkero
697 3799 927 3868 praetermissum
939 3799 1000 3868 ipse
1015 3800 1141 3854 Venetiis
1158 3799 1275 3869 inspexi.

200 3889 228 3955 2)
248 3885 366 3941 cedreni
378 3904 406 3956 p.
421 3891 482 3953 537,
498 3893 531 3940 14
542 3904 602 3956 sqq.
621 3887 707 3943 Bonn.
727 3887 813 3941 verba
832 3889 897 3940 sunt
914 3887 996 3941 haec:
1021 3889 1103 3942 citro<
1118 3891 1133 3942 ὁ
1148 3891 1276 3955 δυεεεβήτ

125 3978 174 4030 καλ
192 3977 245 4042 τὴν
263 3979 321 4029 τῶν
340 3973 424 4028 θείων
443 3974 613 4041 εὐαγγελίων
628 3977 790 4042 ἀνατροπὴν
809 3978 939 4042 ἔγραψεν,
958 3977 993 4042 ἣν
1013 3977 1028 4028 ό
1047 3978 1131 4042 μέγα(
1146 3978 1276 4042 Κύριλλο(

126 4063 334 4130 Ἀλεξανδρεία(
347 4067 392 4118 καὶ
407 4066 484 4118 ἄλλοι
498 4065 667 4132 φιλόχριετοι
682 4066 930 4131 ἐπηνωρθώεαντο.
968 4065 1029 4129 Quo
1047 4064 1109 4120 loco
1123 4083 1156 4119 ex
1170 4081 1275 4118 memo-

125 4152 170 4207 ria
193 4151 298 4207 adiecit
319 4156 364 4206 καὶ
387 4155 463 4207 ἄλλοι
487 4153 655 4220 φιλόχριετοι
678 4169 769 4221 neque
792 4154 884 4206 minus
908 4169 941 4207 ea
964 4168 1035 4221 quae
1058 4155 1212 4220 sequuntur
1231 4156 1276 4207 καί

123 4247 217 4296 cracov
235 4242 270 4308 δὴ
289 4242 376 4309 ἄλλην
392 4245 507 4310 γραφὴν
526 4243 612 4296 αὐτό(
628 4259 660 4295 τε
683 4245 728 4296 καὶ
747 4243 773 4296 οἱ
792 4244 883 4308 ὅμοιοι
901 4244 989 4295 αὐτοῦ
1008 4243 1147 4309 διέβαλον,
1170 4243 1226 4296 ὑπὸ
1246 4244 1276 4295 δὲ

128 4331 291 4400 ὁρθοδὸξων
309 4332 492 4398 ἐξεβλήθηεαν
505 4332 541 4385 τὰ
554 4332 666 4385 τούτων
680 4332 839 4397 νοθεύματα
854 4332 913 4399 (set.
928 4331 1112 4398 anthericum),
1131 4330 1185 4383 nisi
1202 4330 1276 4385 forte

129 4435 203 4489 quae
222 4419 407 4488 Theophanes
426 4419 444 4474 l.
464 4420 483 4473 l.
502 4419 537 4473 de
555 4420 711 4488 Porphyrio
729 4419 839 4487 attulit,
859 4436 892 4473 ex
910 4417 1027 4473 libidine
1043 4419 1173 4474 mutavit.

184 4516 290 4558 Iulianus
304 4519 340 4559 ed.
354 4520 481 4559 Heumann.
1047 4512 1062 4562 7
