2926 5040
489 330 530 384 De
550 327 651 384 Iuliani
669 323 804 384 librorum
822 327 897 383 fatis.
1223 327 1265 390 89

117 501 210 578 igitur
233 497 338 558 loliani
361 505 469 557 neutro
492 496 557 557 loco
581 497 716 557 meminit
739 514 772 556 ac
797 515 834 557 ne
854 514 889 556 eo
909 496 1116 576 quiden1‚quo
1141 497 1266 557 sortasse

118 606 288 668 censendus
311 614 357 666 est
379 605 590 683 perstrinxisse
615 602 775 665 lulianum:
805 622 871 664 nam
895 603 963 664 libri
982 603 1030 664 lll.
1054 622 1082 682 p.
1104 601 1175 683 149,
1192 601 1268 664 tac

117 714 155 774 de
177 713 283 774 Satana
302 712 395 788 δηλοῖ
418 708 467 786 δὲ,
491 711 600 790 inquit,
623 706 851 786 recooperta
871 706 1092 787 ἀποετάτην
1111 707 1191 772 κατὰ
1208 709 1267 786 τὴν

116 816 271 898 Ἑβραίων
290 817 413 896 φωνήν.
450 818 541 879 καλεῖ
559 816 595 878 δὲ
616 814 715 878 αὐτόν
734 812 789 899 (so.
808 815 848 879 τὰ
867 819 938 880 θεῖα
956 812 1065 898 λόγια)
1088 815 1139 878 καί
1158 813 1265 893 διάβο-

119 929 188 989 λον.
221 925 337 997 Quibus
350 925 449 986 verbis
463 924 669 985 Theodoretns
684 926 809 987 tortasse
829 927 995 1004 significare
1015 923 1108 987 voluit
1121 923 1267 984 lulianum

119 1041 283 1113 apostatam
302 1035 399 1112 ipsum
415 1050 480 1094 esse
495 1031 652 1092 diabolum.
682 1031 739 1092 Sed
760 1033 796 1092 ne
815 1031 871 1092 hoc
886 1031 1006 1110 quidem
1025 1031 1090 1092 loco
1106 1030 1141 1090 de
1161 1028 1267 1090 libris

119 1143 218 1221 agitur
242 1148 399 1220 apostatae.
437 1138 502 1199 Huc
525 1138 652 1220 accedit,
681 1137 759 1218 quod
788 1140 851 1219 ipse
875 1138 1082 1199 Theodoretus
1110 1139 1140 1197 in
1168 1136 1268 1215 operis

120 1251 168 1309 sui
190 1247 312 1329 prologo
336 1266 364 1326 p.
382 1245 473 1326 lsqq.
497 1246 654 1325 profitetur
678 1263 850 1325 aggressum
874 1265 905 1306 se
930 1265 996 1307 esse
1020 1243 1152 1307 scrihere
1175 1242 1267 1303 libros

120 1353 230 1434 quibus
249 1360 368 1415 curaret
381 1353 562 1412 Graecorum
582 1352 762 1433 affectiones,
781 1370 849 1413 curn
869 1370 1083 1432 saepenumero
1103 1350 1268 1430 accidisset,

121 1472 155 1522 ut
177 1463 282 1541 pagani
305 1477 407 1522 secum
431 1461 583 1538 congressi
606 1457 778 1520 deriderent
800 1458 888 1520 fidem
907 1458 1113 1541 Christianam,
1136 1467 1269 1537 agrestes

115 1549 305 1646 incultosque
328 1569 420 1629 luisse
439 1567 575 1627 dicerent
593 1565 752 1647 apostolos,
775 1568 980 1646 vituperarent
1001 1575 1172 1627 sauctorum
1192 1583 1267 1625 mar·

116 1684 216 1756 tyrum
230 1674 344 1735 cultum
363 1675 477 1753 aliaque
492 1675 557 1734 eius
572 1673 651 1733 modi
667 1673 828 1735 adicerent.
865 1673 942 1745 Quid
962 1681 1061 1735 autem
1080 1674 1137 1735 luit
1151 1691 1269 1752 causae,

117 1800 174 1843 cur
196 1781 397 1843 dissimularet
419 1783 661 1860 impugnatorum
686 1799 751 1840 sese
776 1798 841 1840 esse
861 1779 1015 1862 lulianum,
1040 1783 1065 1840 si
1087 1781 1118 1840 id
1144 1799 1176 1841 re
1200 1799 1269 1841 vera

115 1888 173 1950 sihi
198 1883 416 1968 proposuerat?
449 1887 509 1948 Cur
533 1886 625 1947 libros
651 1905 721 1948 suos
749 1889 788 1947 ita
812 1888 974 1967 inscrIpsit
996 1897 1030 1948 ut
1048 1889 1179 1949 divinare
1201 1897 1269 1949 ante

117 1996 296 2057 Garnerium
318 2013 405 2055 nemo
429 2001 531 2074 posset
554 1996 619 2054 eius
642 1990 822 2054 consilium?
859 1992 919 2053 Cur
938 2012 989 2054 eos
1008 1995 1048 2054 ita
1071 1995 1210 2074 instituit,
1236 2003 1269 2055 ut

116 2111 273 2164 accusaret
294 2104 395 2182 potius
417 2119 555 2183 paganos,
579 2100 658 2180 quod
679 2100 749 2160 falsa
769 2100 805 2160 de
825 2100 880 2160 deo
904 2102 1059 2180 sentirent,
1081 2118 1169 2180 quam
1189 2102 1268 2161 retu

117 2216 195 2270 taret
217 2216 404 2288 argumenta,
427 2206 535 2287 quihus
558 2206 601 2267 illi
625 2206 809 2268 Christianae
833 2207 969 2287 religioni
992 2207 1136 2267 adversati
1162 2204 1269 2268 erant?

117 2315 179 2376 Cur
204 2315 318 2376 studuit
340 2314 499 2375 ostendere
527 2316 615 2375 etiam
643 2314 888 2395 philosophorum
912 2315 1092 2375 Graecorum
1117 2315 1269 2397 quosdam,

115 2425 254 2503 inprimis
277 2422 443 2496 Platonem,
467 2421 569 2482 eadem
598 2422 661 2482 lere
685 2422 722 2482 de
751 2420 841 2483 rebus
870 2422 977 2482 divinis
1000 2424 1154 2483 censuisse
1180 2431 1269 2502 atque

116 2529 302 2592 Christianos
326 2537 356 2589 et
378 2531 418 2589 ita
442 2547 564 2590 revera
587 2530 685 2591 effecit
704 2526 911 2606 εὐαγγελικῆε
934 2524 1084 2605 ἀληθείαε
1107 2526 1140 2592 ἐξ
1159 2526 1267 2606 Ἑλλη-

114 2638 206 2713 νικῆε
215 2633 409 2714 φιλοεοφίαε
419 2632 611 2710 retrocco?
635 2636 711 2706 Quid
723 2636 850 2715 denique
862 2636 918 2696 sihi
930 2635 1029 2717 voluit,
1040 2655 1108 2697 cunr
1118 2656 1146 2717 p.
1158 2635 1198 2698 16
1206 2657 1269 2718 sqq.

116 2744 303 2805 adversarios
322 2762 402 2823 suco,
426 2745 477 2821 qui
500 2752 644 2822 negarent
663 2744 791 2804 Graecos
815 2743 907 2804 multa
926 2763 942 2804 a
961 2719 1095 2804 harharis
1119 2753 1270 2806 mutuatos

118 2868 198 2931 esse,
220 2851 260 2910 ita
283 2850 373 2910 rudes
397 2868 463 2910 asse
483 2849 608 2931 diceret,
632 2859 666 2911 ut
689 2869 725 2911 ne
749 2859 872 2930 possent
892 2850 1011 2929 quidem
1035 2869 1069 2911 ea
1089 2851 1269 2913 Graecorum
1300 2901 1308 2912 .

56 2976 63 2988 ·
116 2957 231 3036 scripta
250 2955 359 3037 legere,
376 2955 485 3034 quibus
505 2955 626 3017 meliora
641 2953 842 3017 docerentur?
866 2953 898 3017 Εἰ
913 2955 957 3032 δὲ,
972 2958 1070 3035 inquit
1083 2978 1111 3039 p.
1130 2957 1179 3038 18,
1196 2957 1234 3020 11
1248 2960 1272 3019 G

111 3060 168 3123 καὶ
191 3059 248 3123 τὰε
270 3060 386 3138 τέχναι
409 3059 540 3123 καὶτὰ(
563 3060 734 3139 ἐπιετήμαε
758 3060 809 3124 καί
832 3063 898 3123 τῶν
917 3060 1081 3139 δαιμόνων
1103 3063 1160 3126 τὰε
1183 3067 1270 3128 τελε-

111 3166 173 3230 τὰε
197 3166 311 3230 καὶτὰ
333 3169 445 3244 πρῶτα
464 3171 603 3243 ετοιχεῑα
622 3167 710 3244 παρὰ
735 3165 903 3246 βαρβάρων
927 3166 1138 3246 ἐδιδάχθηεαν
1156 3169 1269 3248 (Ἐλλη-

113 3293 172 3338 νε(
199 3272 250 3337 καί
277 3273 330 3336 ἐπὶ
357 3277 425 3337 τοῑε
460 3272 660 3336 διδαεκάλοιε
687 3273 932 3352 ἑναβρύνονται,
967 3273 996 3337 τί
1029 3275 1148 3353 δήποτε
1182 3276 1270 3355 ὑμεῖε

112 3377 195 3443 οὐδὲ
218 3380 356 3444 ευνιέναι
378 3379 419 3442 τὰ
441 3377 499 3441 ὑπ’
523 3379 656 3444 ἐκείνων
679 3381 941 3459 ευγγεγραμμένα
959 3379 1131 3458 δυνάμενοι
1155 3403 1269 3460 παραι-

111 3489 219 3549 τεῑεθε
244 3489 355 3563 μαθεῖν
378 3488 436 3566 τὴν
455 3484 607 3565 ἀλήθειαν
627 3485 688 3551 κτὲ.
725 3489 762 3549 Et
781 3509 809 3568 p.
827 3487 877 3570 16,
894 3487 912 3550 7
928 3489 965 3550 G:
989 3486 1019 3550 οἱ
1039 3488 1074 3550 δὲ
1093 3486 1189 3564 ὀλίγα
1212 3490 1270 3567 μὲν

114 3592 207 3671 παρὰ
225 3596 375 3672 ποιητῶν,
399 3592 547 3669 ὀλίγαόὲ
568 3593 655 3671 παρὰ
673 3593 820 3672 ῥητόρων
839 3592 1067 3674 ἐρανιεὰμενοι,
1091 3597 1212 3660 τῶνδέ
1233 3618 1270 3672 γε

10 3742 13 3750 ·
112 3697 310 3779 φιλοεόφαιν
324 3699 400 3763 οὐδὲ
416 3699 514 3781 αὐτὰς
528 3699 585 3764 τὰε
599 3699 814 3778 προεηγορίαε
833 3699 1058 3783 μεμαθηκότεε,
1077 3703 1162 3780 πλὴν
1178 3706 1271 3767 δυοῖν

111 3809 135 3886 ἢ
160 3807 257 3883 τριῶν
279 3808 345 3869 τῶν
369 3806 543 3885 ἐπιεήμων,
573 3805 734 3886 βάρβαρον
757 3809 815 3886 μὲν
843 3809 901 3886 τὴν
924 3807 1014 3872 θείαν
1042 3810 1172 3887 γραφὴν
1195 3807 1269 3872 ὀνο-

113 3911 261 3994 pezola,
291 3917 404 3992 μαθεῖν
427 3914 463 3976 δὲ
487 3912 621 3992 τάληθὲε
644 3913 732 3992 παρὰ
754 3913 871 3991 ταύτηε
894 3913 1026 3993 αἰιχρόν
1049 3915 1269 3994 ὑπειλήφαειν.

112 4022 150 4086 ἐξ
174 4017 339 4101 ἀγνοίαεί)
362 4021 398 4084 δὲ
422 4020 531 4084 αὐτοῖς
554 4021 592 4084 τό
615 4026 671 4099 τῆε
696 4019 844 4099 ἀληθεία(
868 4022 1043 4096 ἐπιγίνεται
1066 4021 1203 4100 πάθημα.
1242 4023 1270 4087 εἰ

110 4126 178 4205 γὰρ
201 4126 258 4190 τὰε
281 4125 462 4205 Ἑλληνικὰε
485 4125 720 4202 ἀνεγνώκειεαν
743 4126 894 4207 ίετορίαι,
919 4127 1064 4204 ἔγνωιαν
1087 4127 1127 4191 ἂν
1151 4130 1269 4207 δήπου-

112 4241 188 4310 θεν,
220 4231 265 4296 oc
295 4233 346 4297 καί
375 4232 432 4296 τὰ(
460 4239 650 4312 περιφανεῖ(
678 4235 847 4314 ἐπιετήμαε
875 4235 926 4297 καὶ
958 4239 1023 4298 τῶν
1059 4239 1184 4313 τεχνῶν
1212 4237 1270 4300 τὰε
1351 4247 1359 4262 ’

192 4462 218 4530 1)
237 4461 281 4516 Ita
299 4460 474 4518 scribendum
494 4478 554 4518 esse
573 4480 681 4519 censeo.
710 4462 883 4519 Gaisfordius
903 4461 1017 4518 exhibet
1034 4463 1138 4520 ἀνοίαι.
