2926 5040
228 356 268 416 12
732 357 823 425 Caput
840 359 860 410 i.

226 523 350 582 maxime
374 524 522 584 studiosos
551 525 643 583 luisse
668 543 735 584 cum
759 523 898 584 Basilium
923 531 953 582 et
976 522 1152 602 Gregorium
1176 523 1376 604 Cappadoces,

225 636 288 688 tum
313 630 510 708 Apollinarem
533 629 741 691 Laodicennm.
779 632 873 709 Atque
898 630 978 690 hunc
1002 630 1121 709 quidem
1144 618 1199 691 itia'
1219 631 1283 710 lege
1308 649 1375 710 per-

225 745 346 819 motum,
370 750 404 799 ut
427 740 599 800 restitueret
623 739 849 819 detrimentum,
873 738 1029 799 consilium
1053 740 1167 818 cepisse
1192 741 1315 799 materia
1339 757 1377 798 ex

224 846 317 904 sacris
340 845 423 905 libris
447 845 621 925 deprompta
650 845 768 905 heroica
792 846 922 904 carmina
946 844 1105 925 pangendi,
1133 845 1254 905 Pindari
1280 845 1376 925 lyram

224 950 366 1032 imitandi,
386 954 458 1030 quin
473 953 562 1011 etiam
576 952 729 1011 Menandri
748 951 915 1011 comoedias
935 946 1141 1034 superandi¹);
1163 971 1259 1031 neque
1276 954 1376 1013 minus

225 1058 379 1136 scripsisse
404 1066 506 1119 contra
526 1059 671 1119 lulianum
695 1062 904 1138 imperatorem
928 1067 957 1119 et
977 1057 1157 1119 Graecorum
1181 1059 1376 1139 philosophos

224 1163 332 1224 librum
362 1167 413 1242 qui
441 1184 495 1244 pro
524 1168 648 1226 veritate
680 1166 904 1226 inscriberetur.
941 1165 1069 1227 Dubium
1099 1167 1189 1244 igitur
1217 1184 1283 1226 esse
1316 1184 1376 1227 non

224 1278 331 1352 potest,
351 1274 422 1349 quin
442 1274 531 1332 etiam
550 1272 639 1333 huius
658 1272 748 1333 libelli
768 1272 975 1333 conscribendi
996 1291 1083 1333 causa
1103 1274 1251 1333 exstiterit
1265 1272 1376 1351 Apolli-

224 1380 288 1437 nari
302 1378 348 1437 lex
367 1378 415 1437 illa
431 1397 520 1458 supra
535 1374 803 1462 commemorata2).
838 1379 932 1450 Quem
948 1382 973 1439 si
993 1380 1214 1440 consideramus
1229 1382 1377 1458 scriptum

225 1502 291 1543 esse
316 1504 374 1544 non
399 1485 453 1547 soli
476 1487 602 1568 Iuliano,
626 1488 677 1547 sed
702 1490 789 1547 etiam
814 1487 877 1548 aliis
897 1488 1077 1548 Graecorum
1102 1487 1293 1571 philosophis,
1323 1491 1377 1567 qui

226 1609 293 1650 cum
317 1609 333 1649 a
358 1595 479 1653 veritate
500 1593 688 1653 aberrassent
708 1613 740 1654 ea
760 1613 835 1673 quae
859 1613 918 1654 non
938 1594 1058 1654 deceret
1081 1595 1117 1654 de
1136 1593 1197 1654 Deo
1217 1599 1378 1677 sentirent,

226 1692 403 1780 deperditi3)
427 1699 496 1759 libri
515 1702 739 1779 argumentandi
764 1704 909 1761 rationem
928 1719 1014 1761 nemo
1039 1720 1098 1761 non
1117 1708 1215 1780 potest
1234 1702 1378 1783 divinare,

225 1807 276 1882 qui
295 1805 424 1883 paullum
441 1807 527 1867 modo
542 1817 676 1869 versatus
691 1813 730 1869 sit
749 1812 780 1869 in
794 1809 850 1869 hoc
864 1809 1031 1869 litterarum
1046 1827 1163 1887 genere.
1198 1807 1378 1870 inhonestos

225 1930 289 1971 esse
314 1921 344 1973 et
368 1921 471 1991 turpes
495 1914 530 1974 de
556 1914 664 1994 quibus
687 1922 791 1995 poetae
815 1922 938 1994 agerent
961 1914 1085 1975 deorum
1108 1933 1222 1995 mores,
1246 1915 1378 1995 philoso-

225 2017 351 2096 phorum
372 2027 469 2079 autem
490 2030 628 2099 quantam
649 2041 714 2082 esse
737 2020 965 2082 dissensionem!
1002 2021 1131 2080 Inveniri
1155 2039 1224 2080 sane
1248 2023 1279 2080 in
1303 2040 1378 2080 non-

225 2124 374 2186 nullorum
398 2127 642 2208 philosophorum
667 2132 786 2209 scriptis
809 2129 902 2188 bonas
926 2128 1067 2207 quasdam
1092 2130 1254 2188 sententias
1277 2146 1378 2207 neque

225 2233 408 2316 abiciendas3
437 2254 487 2295 eas
515 2246 612 2298 autem
637 2237 826 2316 depromptas
850 2253 915 2295 esse
941 2253 1044 2294 omnes
1074 2253 1109 2294 ex
1133 2234 1222 2294 Mosis
1246 2236 1379 2313 scriptis,

227 2359 314 2418 quem
329 2345 542 2421 antiquissimis
562 2345 653 2404 luisse
673 2341 858 2422 temporibus
873 2350 903 2402 et
920 2348 1014 2400 aetate
1034 2339 1120 2418 longe
1140 2344 1251 2401 anteire
1272 2360 1379 2403 omnes

226 2447 405 2508 Graecorum
430 2457 460 2509 et
483 2456 585 2528 poetas
605 2459 634 2510 et
657 2449 944 2529 philosoplros'satis
963 2454 1121 2507 constaret.
1160 2446 1245 2517 Quod
1268 2448 1294 2506 si
1318 2455 1378 2507 sta-

226 2556 336 2615 tuimus
361 2555 452 2615 fuisse
472 2557 562 2617 libelli
587 2566 803 2637 argumentum,
826 2559 884 2615 iam
909 2573 987 2614 nunc
1006 2552 1206 2630 intellegimus
1227 2554 1378 2632 quomodo

226 2662 290 2720 fieri
318 2665 461 2742 potuerit,
490 2671 523 2723 ut
550 2666 580 2723 in
605 2682 640 2723 eo
670 2681 769 2722 sacrae
794 2664 960 2740 scripturae
988 2660 1046 2719 loci
1073 2677 1133 2718 non
1161 2659 1379 2720 invenirentur.

225 2767 297 2827 Nam
323 2771 410 2828 etiam
430 2777 463 2829 ut
482 2769 571 2829 Mosis
591 2777 717 2830 aetatem
737 2771 826 2828 certis
846 2767 953 2827 linibus
974 2763 1265 2845 circumscriberent,
1284 2765 1377 2825 Grae-

226 2892 329 2935 corum
353 2876 586 2956 chronographis
610 2877 770 2937 utebantur
793 2875 960 2935 Christiani.
1002 2872 1078 2932 Huic
1106 2874 1197 2950 igitur
1220 2871 1319 2932 libello
1343 2881 1379 2933 ut

225 2983 420 3060 responderet
450 2984 531 3045 dedit
558 2983 688 3044 lulianus
716 2983 873 3062 epistulam
901 3000 983 3041 suam
1018 2978 1053 3038 ad
1086 2980 1295 3057 episcoporum
1324 2998 1379 3039 eos

226 3089 278 3165 qui
302 3091 426 3148 inarime
450 3093 528 3149 inter
552 3099 668 3151 ceteros
692 3089 883 3149 excellebant.
920 3088 1023 3147 Exstat
1047 3093 1145 3145 autem
1166 3088 1230 3145 eius
1249 3085 1379 3164 epistula

227 3193 262 3253 ad
281 3193 423 3255 Rasilium
446 3196 512 3257 data
534 3200 611 3257 iuter
632 3197 772 3275 epistulas
791 3195 890 3255 Basilii
909 3194 1133 3274 quadragesima
1153 3186 1266 3265 (Basilii
1285 3211 1379 3270 opera

225 3301 270 3360 ed.
298 3300 448 3363 Benedict.
481 3303 519 3362 lll
547 3299 622 3383 123)
656 3306 686 3362 in
720 3305 805 3362 cuius
842 3303 900 3375 due
933 3302 1124 3360 inveniuntur
1163 3298 1251 3358 verba
1283 3295 1304 3356 a
1339 3298 1378 3360 δὲ

227 3405 387 3484 ἀνέγνων,
422 3406 527 3484 ἔγνων
560 3409 611 3471 καὶ
643 3408 820 3485 κατέγνων,
856 3427 930 3487 quae
959 3425 1027 3467 cum
1060 3404 1151 3465 rebus
1185 3408 1215 3465 in
1248 3405 1379 3483 epistula

226 3519 358 3577 tractatis
387 3520 506 3577 minime
535 3518 702 3577 cohaerent.
741 3517 832 3587 Quae
851 3518 911 3575 sive
941 3516 1041 3593 spuria
1065 3520 1111 3572 est
1139 3515 1199 3572 sive
1223 3530 1239 3570 a
1262 3510 1378 3571 Iuliano

227 3641 286 3681 non
310 3623 515 3685 abiudicauda:
547 3643 621 3703 quae
649 3624 736 3683 modo
766 3623 849 3683 attuli
877 3621 966 3680 verba
990 3638 1058 3680 cum
1082 3637 1140 3678 non
1169 3620 1378 3680 invenirentur

300 3851 326 3915 l)
346 3848 425 3901 Unde
450 3847 567 3902 efficitur
591 3847 734 3916 scripsisse
759 3848 856 3900 contra
881 3844 1016 3898 lulianum
1037 3843 1228 3912 Apollinarem
1251 3844 1377 3912 patrem3

227 3953 289 3990 eum
305 3937 378 3990 enim
392 3937 530 4006 poematis
546 3936 753 3991 conscribendis
768 3935 916 4000 studuisse,
936 3933 1025 3986 filium
1041 3935 1139 3987 contra
1154 3932 1199 3986 oui
1212 3948 1268 3986 non
1281 3933 1377 3987 miuus

226 4043 327 4080 nomen
352 4028 412 4080 erat
434 4025 590 4096 Apollinari
613 4026 759 4079 Platonem
783 4022 926 4076 imitatum
955 4022 1103 4091 evangelia
1126 4023 1155 4075 et
1182 4021 1376 4092 apostolorum

228 4117 362 4186 dogmata
378 4117 405 4171 in
421 4117 595 4187 dialogorum
610 4115 727 4171 formam
742 4114 882 4184 redegisse
897 4114 995 4167 auctor
1009 4113 1052 4166 est
1062 4111 1190 4165 Socrates
1204 4112 1231 4164 h.
1243 4128 1265 4166 e.
1282 4112 1376 4168 11116.

298 4210 326 4277 2)
346 4207 428 4261 Haud
446 4206 549 4260 iniuria
566 4205 652 4275 igitur
671 4204 854 4273 Theophanes
873 4220 937 4272 pag.
958 4208 1004 4270 74,
1025 4207 1040 4254 5
1059 4219 1119 4269 sqq.
1139 4200 1182 4254 ed.
1203 4200 1302 4268 Bonn,
1326 4203 1378 4269 qui

227 4297 280 4350 hoc
298 4295 360 4351 loco
375 4298 424 4350 ant
438 4296 499 4365 ipso
515 4295 667 4350 Sozomeno
686 4293 776 4349 utitur
794 4295 844 4348 aut
858 4310 892 4347 ex
906 4292 1004 4347 eodem
1019 4294 1103 4359 atque
1122 4289 1170 4345 ille
1185 4289 1279 4344 haurit
1296 4289 1377 4346 fonte

228 4385 398 4454 Apollinaris
412 4384 514 4439 librum
528 4385 660 4453 scriptum
672 4401 733 4439 esse
748 4381 847 4438 statuit
861 4400 884 4437 a.
897 4383 995 4436 mundi
1005 4386 1083 4448 5854,
1098 4381 1115 4433 i.
1127 4397 1150 4434 e.
1161 4398 1185 4435 a.
1196 4399 1223 4449 p.
1235 4381 1263 4434 Ο.
1275 4398 1301 4435 u.
1313 4385 1376 4433 362.

299 4473 326 4540 3)
346 4472 395 4526 Nil
413 4473 514 4526 mirum
533 4473 647 4542 periisse
666 4472 837 4542 Apollinaris
856 4472 959 4526 librum
979 4469 1198 4524 haeresiarchae.
