2926 5040
150 326 193 390 30
657 325 749 394 Caput
767 327 787 379 Ι.

150 494 222 553 tiani
241 492 406 571 ponendam
422 510 488 551 esse
502 491 651 552 Theodori
666 492 870 572 Mopsuesteni
889 498 1028 571 mortem3
1048 449 1136 570 quam
1156 509 1211 551 cnr
1230 509 1303 552 cum

150 599 313 659 Fritzschio
337 586 367 658 in
387 599 520 659 eiusdem
544 601 638 678 prima
662 606 745 678 parte
769 601 810 659 ita
829 598 1018 679 collocemus,
1042 606 1075 659 ut
1099 606 1166 658 ante
1188 600 1305 659 exitum

150 726 174 768 a.
194 705 259 768 428
283 705 366 767 illum
388 705 601 766 contendamus
622 724 794 785 supremum
816 706 895 766 diem
915 705 1033 787 obiisse,
1057 724 1143 766 causa
1168 724 1228 765 non
1249 713 1305 766 est.

238 814 299 873 lam
328 831 398 873 vero
427 813 576 873 Theodori
605 814 663 872 vita
691 814 859 893 accuratius
888 814 1051 873 examinata
1079 810 1305 891 angustioribus

151 924 277 982 fortasse
301 922 435 980 terminis
456 920 702 980 circumscribere
727 922 891 999 poterimus
916 922 1058 1007 temporis
1080 922 1217 1000 spatium,
1243 937 1304 998 quo

149 1029 289 1089 refutavit
311 1028 465 1088 lulianum.
502 1026 623 1088 Constat
643 1036 741 1087 autem
763 1061 804 1070 —
828 1028 864 1086 cf.
889 1025 1085 1087 Fritzschinm
1105 1045 1133 1105 p.
1148 1023 1244 1104 5sqq.
1263 1059 1301 1069 -

149 1155 207 1196 arna
231 1154 299 1195 cum
318 1135 427 1194 loanne
447 1133 657 1213 chrysostomo
677 1137 770 1194 amico
794 1134 965 1194 interfuisse
990 1151 1059 1192 enm
1083 1132 1202 1212 scholis,
1226 1151 1303 1211 quas

149 1243 320 1303 Antiochiae
340 1241 443 1302 habuit
457 1239 606 1321 Liberius,
627 1260 685 1320 quo
704 1249 807 1320 postea
830 1240 933 1300 relicto
949 1240 1081 1300 eiusdem
1096 1239 1302 1319 Chrysostomi

149 1349 268 1409 hortatu
293 1349 437 1407 formatus
461 1355 507 1407 est
530 1349 697 1427 praeceptis
721 1356 751 1407 et
779 1348 966 1407 institutione
991 1346 1110 1406 Diodori
1134 1346 1301 1406 Tarsensis.

150 1455 223 1516 Dein
247 1455 360 1534 aliquot
382 1473 475 1515 annos
497 1454 654 1535 presbyter
676 1453 848 1514 Antiochiae
873 1462 1072 1513 commoratus
1095 1453 1221 1513 Tarsum
1246 1454 1301 1512 mi·

148 1565 255 1641 gravit,
280 1581 336 1640 qua
361 1562 462 1622 relicta
487 1581 542 1641 per
566 1564 685 1641 triginta
710 1581 760 1623 sex
784 1580 877 1621 annos
901 1563 1059 1640 episcopus
1084 1561 1140 1620 fuit
1162 1560 1302 1639 Mopsue-

150 1677 312 1729 stenorom.
354 1668 469 1740 Quibus
497 1677 595 1728 autem
626 1667 715 1729 rebus
746 1671 925 1729 commoveri
952 1646 1062 1749 potuit,
1096 1675 1129 1728 ut
1147 1669 1305 1728 ,refutaret

151 1775 256 1836 loliani
283 1778 471 1854 imperatoris
500 1783 603 1835 contra
631 1775 814 1835 Christianos
842 1771 955 1836 libros?
1002 1773 1094 1835 Cuius
1123 1777 1167 1835 rei
1196 1793 1304 1835 causas

152 1885 176 1942 si
200 1882 393 1942 coniectando
418 1884 536 1960 assequi
559 1881 708 1963 volumus,
738 1901 775 1942 ne
799 1884 989 1942 immemores
1009 1883 1101 1941 simus
1125 1880 1304 1942 benovolen-

150 1991 222 2070 tiae,
250 2008 307 2068 qua
336 1989 494 2049 Photinum
524 1997 700 2068 prosecutus
729 1998 774 2050 est
797 1989 942 2069 lullamrs3
971 1987 1080 2067 quibus
1109 1989 1301 2049 contumeliis

149 2094 323 2156 laceraverit
342 2089 545 2179 Diodorum.¹)
578 2096 611 2156 ln
632 2096 758 2175 epistula
778 2099 856 2157 enim
875 2094 1008 2156 LXXIX:
1039 2095 1084 2156 Σὺ
1104 2094 1170 2171 μὲν,
1194 2097 1304 2177 inquit,

150 2197 341 2278 ὧΦωτεινὲ,
361 2201 495 2264 πιθανὸ(
510 2200 610 2283 φαίνῃ
629 2201 680 2264 καὶ
695 2200 870 2277 fruticoso(
884 2205 942 2264 τοῦ
958 2201 1116 2277 (abiectior,
1136 2201 1301 2263 Diodorum

149 2319 247 2371 autem
266 2309 405 2371 Nazaraei
429 2329 545 2390 magum
570 2311 734 2392 appellavit,
759 2329 845 2371 omne
866 2313 930 2371 eius
955 2329 1064 2390 corpus
1091 2318 1304 2389 consumptum

150 2435 226 2495 esse,
241 2417 330 2477 malas
341 2418 515 2499 concidisse,
527 2426 626 2478 cutem
638 2420 720 2497 rugis
731 2418 873 2478 sulcatam
884 2437 948 2478 esse
960 2411 1038 2498 (pag.
1052 2414 1125 2497 606,
1135 2414 1178 2478 25
1189 2410 1300 2499 Hertl.)

149 2523 303 2591 contendit
317 2533 440 2602 propter
455 2525 632 2603 flagitiorum
649 2525 869 2586 multitudinem
883 2544 898 2584 a
913 2525 959 2584 dis
973 2523 1190 2585 immortalibus
1204 2543 1305 2603 poena

149 2631 259 2710 affecti,
283 2631 412 2708 denique
435 2628 630 2708 probaturum
654 2650 686 2691 se
715 2651 780 2692 esse
805 2630 965 2691 Galilaenm
988 2631 1085 2711 illum,
1114 2633 1163 2691 cni
1192 2633 1304 2690 iniuria

148 2735 296 2795 Diodorus
314 2735 447 2796 divinum
468 2736 610 2796 honorem
631 2737 792 2818 tribuisset,
816 2737 896 2816 leges
916 2745 946 2797 et
972 2740 1110 2816 mysteria
1130 2740 1304 2816 corrupisse

149 2846 211 2922 ipse
240 2846 483 2924 pronuntiaverat
511 2839 552 2924 (p.
573 2840 646 2925 606,
666 2841 685 2904 6
702 2838 788 2923 sqq).
829 2844 910 2914 Quae
935 2863 1003 2904 cum
1027 2847 1066 2904 ita
1093 2847 1161 2925 sint,
1186 2847 1304 2905 ratione

149 2969 251 3010 carere
276 2969 334 3011 non
359 2950 583 3032 videbimur,'si
607 2953 799 3011 statuerimus
818 2950 1007 3011 Theodorum
1028 2951 1148 3011 lliodori
1172 2951 1305 3031 discipu-

148 3056 209 3116 lum
220 3050 246 3137 2)
270 3059 393 3136 gratiam
417 3060 558 3136 magistro
578 3058 728 3118 rettulisse
752 3058 889 3118 refutatis
908 3058 1013 3119 luliani
1036 3066 1139 3118 contra
1159 3056 1303 3118 Christia-

221 3301 247 3368 1)
267 3299 341 3354 Scite
358 3300 488 3354 Neander
501 3299 530 3354 in
549 3299 621 3355 libro
636 3300 684 3369 qni
702 3299 863 3353 inscribitur
877 3299 1044 3368 allgemeine
1059 3299 1227 3355 Geschichte
1247 3301 1301 3355 der

147 3387 326 3442 christlichen
346 3388 475 3458 Religion
499 3390 555 3443 und
574 3389 676 3444 Kirche
695 3390 720 3442 ll
736 3396 759 3455 1,
777 3394 844 3442 1829
859 3407 885 3457 p.
902 3395 935 3442 82
957 3389 1055 3457 lulian,
1076 3389 1175 3458 inquit,
1194 3389 1303 3444 meinte

147 3477 236 3531 durch
254 3478 329 3531 seinc
348 3477 453 3532 Ktinste
473 3479 521 3532 das
540 3478 595 3532 irre
614 3479 747 3547 geleitebe
765 3477 840 3532 Vollr
858 3476 1005 3547 gewinnen
1024 3497 1058 3531 zu
1077 3479 1198 3546 konnen,
1218 3495 1302 3533 wenn

145 3565 206 3618 ihm
225 3584 277 3619 nnr
295 3566 374 3620 nicht
392 3565 437 3620 dic
456 3566 584 3620 Bischdfe
609 3565 874 3635 cntgegenwirhten.
912 3566 974 3619 Und
998 3566 1147 3620 besonders
1171 3567 1303 3621 verhossb

148 3671 241 3707 waren
264 3654 323 3708 ihm
348 3686 381 3693 —
411 3655 569 3724 diejenigen
592 3655 736 3722 Bischofe,
764 3656 870 3710 vvelche
895 3655 939 3709 die
966 3656 1135 3710 hollonische
1159 3656 1305 3711 Liberatur

148 3743 230 3812 eifrig
249 3744 353 3797 studim
375 3743 473 3797 hatten
496 3745 554 3798 und
577 3743 653 3799 diese
676 3745 764 3798 selbst
786 3763 848 3797 zum
867 3743 982 3798 Dienste
1008 3746 1057 3799 des
1077 3744 1304 3800 Christenlhums

146 3833 204 3886 und
222 3850 312 3902 gagen
331 3832 380 3886 das
400 3831 589 3886 Heidenthum
607 3833 806 3902 gebrauchten,
826 3853 848 3886 z.
868 3833 898 3886 B.
919 3833 963 3887 die
982 3832 1114 3901 Mitnner,
1139 3834 1191 3887 mit
1209 3834 1305 3888 denen

146 3939 176 3976 er
198 3923 240 3976 als
259 3921 396 3992 Jiingling
419 3922 447 3975 in
466 3922 560 3975 Athen
584 3923 686 3977 studiat
709 3923 801 3991 hatte,
826 3923 871 3976 die
897 3922 997 3976 beiden
1021 3923 1149 3977 Freunde
1168 3922 1302 3992 Basilina,

145 4011 261 4065 Bisohof
277 4029 330 4066 von
346 4010 495 4078 Caesarea,
513 4011 571 4065 und
586 4011 691 4082 Gregor
710 4028 765 4064 von
779 4011 909 4078 Nazianz,
929 4010 981 4064 wie
1001 4010 1167 4080 diejenigen‚
1187 4012 1299 4066 welche
1353 4077 1360 4084 ,

145 4103 227 4154 nnler
249 4100 340 4154 seiner
357 4100 517 4168 Regiorung
540 4100 711 4155 hellenische
733 4100 937 4154 Wissenschaft
963 4117 1011 4152 zur
1029 4100 1224 4169 Bekhmpfnng
1249 4101 1302 4155 des

145 4188 349 4243 Heidenthums
364 4190 421 4242 und
436 4190 660 4259 Vertheidigung
674 4191 723 4244 des
739 4188 962 4243 Chrislenbhums
977 4207 1010 4242 zu
1025 4189 1161 4243 benntzen
1175 4191 1302 4260 vogien,

145 4277 191 4331 ein
208 4277 379 4347 Apollinaris
402 4297 458 4335 von
482 4279 634 4347 Laodicea,
658 4279 716 4333 und
738 4279 784 4334 ein
802 4278 952 4345 Diodorus,
977 4278 1092 4333 Bischof
1116 4296 1171 4333 von
1197 4279 1303 4336 Tarsus

145 4367 175 4420 in
195 4364 319 4421 Cilicien.
353 4367 541 4423 Conferendus
560 4368 607 4421 hic
626 4368 749 4422 Iulianus
770 4368 812 4422 ed.
832 4368 922 4422 Hertl.
942 4386 967 4436 p.
989 4373 1054 4434 606,
1075 4372 1108 4421 15
1122 4385 1181 4436 sqq.

218 4456 245 4521 2)
265 4455 434 4509 Theodoreli
453 4457 480 4509 h.
498 4473 520 4511 e.
536 4455 561 4508 V
575 4462 609 4508 to
628 4474 655 4524 p.
675 4462 728 4509 494
747 4457 829 4510 οὗτος
847 4461 897 4522 τῆ(
917 4457 965 4521 μὲν
981 4456 1129 4522 Διοδώρου
1148 4461 1200 4509 τοῦ
1219 4455 1295 4510 πάνυ
