2926 5040
505 315 548 370 De
565 315 667 371 Iuliani
684 315 764 371 libris
782 316 969 373 restituendis,
1249 317 1313 382 133
1369 356 1373 366 ·

712 480 760 543 17.

153 631 156 634 ⁴
251 606 429 687 Fragmento
463 607 563 687 Cyrilli
590 605 633 668 29
666 608 887 669 demonstratur
915 607 1061 669 Iulianum
1094 611 1182 668 etiam
1210 608 1246 669 de
1275 611 1311 669 iis

162 714 273 774 Christi
291 713 390 774 verbis
409 716 519 795 egisse,
543 733 618 794 quae
638 723 755 775 exstant
777 713 877 779 Matth.
901 713 951 796 19,
969 713 1026 776 24:
1049 711 1146 777 πάλιν
1170 714 1205 776 δὲ
1226 713 1310 790 λέγω

161 819 243 897 ὑμῖν,
266 815 315 882 ὅτι
340 816 564 897 εὐκοπώτερόν
588 818 671 883 ἐςτιν
695 817 837 897 κάμηλον
868 818 920 882 διὰ
942 821 1146 899 τρυπήματος
1174 819 1311 899 ῥαφίδος
1410 857 1413 865 =

162 925 315 991 εἰτελθεῑν
337 926 356 1004 ἢ
380 924 533 989 πλούτιον
558 925 602 989 εἰ(
624 927 683 1004 τὴν
708 923 868 1004 βατιλείαν
890 929 956 989 τῶν
978 925 1140 1010 οὐρανῶν;
1164 930 1201 990 31.
1222 930 1310 991 Marc.

163 1033 214 1116 10,
237 1031 289 1097 25.
326 1033 396 1095 Luc.
423 1032 472 1111 18,
492 1031 544 1095 25.
592 1034 689 1113 Atque
717 1030 859 1111 κάμηλον
887 1035 994 1095 animal
1022 1054 1088 1096 csse
1116 1043 1198 1097 recte
1226 1046 1310 1117 puta·

160 1150 251 1203 verat.
273 1141 317 1202 Ex
333 1142 434 1203 eadem
445 1141 543 1220 Cyrilli
559 1140 758 1225 disputatione
774 1140 983 1221 depromptum
997 1160 1062 1202 esse
1079 1142 1195 1203 videtur
1209 1141 1307 1223 1330.

160 1248 221 1309 lam
249 1266 318 1308 vero
347 1247 431 1308 facile
460 1246 656 1327 intellegitur,
689 1247 837 1326 quomodo
871 1250 1023 1309 transierit
1050 1247 1180 1310 Iulianus
1209 1250 1245 1310 ah
1272 1252 1309 1310 iis

159 1355 264 1435 rebus,
292 1372 365 1433 quas
389 1353 476 1413 modo
505 1362 694 1434 tractaverat,
722 1353 758 1412 ad
781 1352 889 1413 horum
913 1352 1023 1414 Christi
1051 1355 1210 1416 verborum
1233 1359 1308 1417 vitu-

158 1465 351 1543 perationem.

706 1563 755 1628 18.

246 1691 445 1753 Contenderat
462 1689 593 1750 lulianus
613 1690 648 1750 de
668 1689 849 1751 observanda
869 1690 933 1770 lege
953 1691 1033 1751 aliud
1053 1690 1189 1753 docuisse
1209 1693 1307 1755 Iesum

155 1801 257 1862 Matth.
273 1797 303 1881 5,
319 1797 369 1883 19,
387 1799 467 1860 aliud
482 1797 583 1860 Matth.
602 1795 652 1879 12,
667 1795 686 1859 8
702 1806 731 1858 et
752 1794 867 1879 15,11.
901 1797 1081 1878 Deprompta
1100 1809 1200 1861 autem
1219 1803 1307 1862 etiam

156 1908 230 1969 haec
254 1906 391 1967 videntur
419 1925 485 1967 esse
515 1924 551 1966 ex
576 1923 702 1966 censura
730 1906 872 1965 orationis
900 1923 988 1984 quam
1016 1909 1047 1966 in
1075 1915 1176 1968 monte
1204 1908 1308 1970 hahuit

155 2015 302 2077 Christus
325 2046 367 2056 —
392 2013 458 2092 Cyr.
482 2014 519 2093 13.
535 2010 586 2074 31.
616 2011 660 2071 Ex
684 2012 883 2091 disputatione
907 2020 1016 2093 autem,
1039 2031 1127 2091 quam
1150 2013 1206 2075 hoc
1230 2015 1305 2095 frag·

153 2131 256 2183 mento
279 2122 408 2182 instituit
431 2119 566 2201 Cyrillus,
589 2119 728 2179 haustum
752 2137 818 2178 esse
843 2118 958 2179 videtur
982 2121 1071 2179 etiam
1094 2120 1132 2198 ig.
1152 2117 1203 2181 32.

704 2246 753 2339 se.

243 2404 309 2465 Non
333 2390 428 2465 solum
451 2404 487 2464 de
511 2404 586 2486 lege,
609 2403 662 2464 sed
685 2406 774 2492 etiam
797 2403 861 2463 aliis
885 2402 921 2463 de
950 2403 1041 2464 rebus
1065 2404 1128 2465 aliis
1152 2405 1225 2466 locis
1249 2405 1304 2466 alia

153 2512 306 2573 Christum
328 2513 537 2591 pronuntiasse
561 2509 833 2594 lulianuspvidetur
852 2512 1035 2591 exposuisse.
1071 2511 1115 2571 Ex
1139 2513 1303 2592 fragmento

152 2621 233 2679 enim
257 2616 299 2680 33
323 2616 511 2678 efficiendum
535 2627 581 2678 est
603 2616 832 2696 reprehendisse
857 2636 925 2678 eum
949 2617 1109 2698 Christum,
1134 2619 1212 2698 quod
1231 2619 1302 2681 Luc.

155 2724 207 2807 14,
225 2722 268 2787 26
292 2725 406 2785 dixerat
429 2723 515 2785 haec:
543 2719 572 2786 εἴ
598 2742 645 2785 τι(
668 2720 795 2799 ἔρχεται
823 2721 904 2800 πρό(
933 2743 970 2800 με
999 2722 1050 2785 καὶ
1076 2721 1115 2785 οὐ
1143 2728 1223 2802 μιεεῑ
1245 2724 1304 2788 τὸν

152 2829 278 2907 πατέρα
300 2829 351 2891 καὶ
373 2829 432 2906 τὴν
455 2828 575 2906 μητέρα
598 2828 648 2890 καὶ
666 2829 725 2906 τὴν
744 2832 880 2902 γυναῖκα
903 2829 953 2891 καὶ
976 2828 1017 2892 τὰ
1034 2830 1131 2894 τέκνα
1153 2830 1204 2893 καὶ
1226 2832 1302 2894 τοὺς

152 2934 317 3013 ἀδελφοὺς
344 2935 395 2998 καὶ
421 2933 478 2996 τὰ(
505 2931 663 3013 ἀδελφάς,
693 2933 739 2998 ἔτι
763 2936 798 2998 δὲ
822 2935 873 2998 καὶ
900 2936 958 3013 τὴν
987 2935 1104 2998 ἑαυτοῦ
1133 2938 1240 3014 ψυχὴν
1263 2937 1302 3000 οὐ

152 3042 286 3106 δύναται
309 3039 390 3105 εἷναί
418 3060 479 3120 μου
507 3043 654 3129 μαθητής.
691 3043 857 3105 Verisimile
885 3053 983 3104 autem
1012 3052 1058 3105 est
1080 3043 1225 3106 luhanum
1253 3046 1302 3106 ad-

152 3159 271 3212 notasse
295 3164 460 3230 repugnare
480 3150 631 3211 Christum
654 3150 710 3211 hoc
733 3150 798 3211 loco
818 3158 848 3211 et
871 3150 1002 3230 decalogi
1025 3153 1102 3230 parti
1126 3161 1247 3231 quartae
1272 3161 1302 3214 et

152 3257 209 3318 sihi
233 3261 345 3337 ipsum,
371 3275 438 3317 cum
462 3257 563 3318 Matth.
589 3254 704 3339 19,19
733 3257 880 3336 quendam
903 3260 1041 3319 iussisset
1064 3266 1179 3337 patrem
1202 3258 1299 3319 colere

151 3373 183 3425 et
205 3372 344 3445 matrem,
367 3381 464 3444 neque
488 3366 586 3425 minus
610 3366 646 3424 iis
670 3382 745 3444 quae
768 3364 869 3425 Matth.
892 3360 942 3446 15,
961 3361 1060 3444 3sqq.
1084 3364 1215 3425 dixisset.
1275 3410 1286 3434 ,

698 3521 749 3585 20.

240 3648 284 3710 Ex
308 3649 346 3729 13.
365 3646 408 3710 34
436 3648 617 3729 intellegitur
640 3647 786 3711 lulianum
814 3651 845 3709 in
868 3648 1019 3710 Christum
1047 3651 1196 3712 invectum
1224 3669 1299 3732 esse,

150 3756 231 3836 quod
255 3774 314 3817 non
337 3775 441 3817 omnes
464 3756 613 3835 homineS,
636 3756 687 3816 sed
711 3775 821 3836 paucos
845 3755 939 3817 salvos
963 3755 1150 3818 reddidisset.

618 3932 829 3941 ——--—-

510 4061 561 4120 Ex
588 4061 701 4138 Cyrillo
724 4061 802 4121 libro
825 4059 861 4119 X
865 4060 932 4120 VII.

695 4199 747 4264 21.

239 4327 281 4388 Ea
309 4327 408 4406 operis
436 4329 483 4388 sui
509 4321 608 4410 parte,
640 4346 676 4388 ex
705 4309 791 4388 ouius
818 4328 996 4388 refutatione
1025 4327 1198 4407 deprompta
1226 4337 1297 4390 sunt

151 4429 254 4516 Cyrilli
276 4434 440 4514 fragmenta
461 4431 503 4495 39
525 4443 556 4495 et
573 4431 626 4517 40,
648 4433 877 4515 reprehendisse
901 4433 1018 4495 videtur
1035 4434 1168 4496 lulianus
1186 4434 1296 4497 Christi
