2926 5040
486 316 528 372 De
546 317 648 372 Iuliani
667 316 802 371 librorum
819 316 894 372 fabis.
1226 310 1265 378 77

118 486 221 548 laudes
246 486 369 548 iacimus
389 487 522 548 dicentes
544 479 605 568 (rs.
621 484 673 569 84,
687 481 738 570 2):
763 487 857 559 Quam
876 486 982 546 dilecta
1000 483 1190 546 tabernacula
1209 495 1269 566 tua,

117 594 256 660 Domine:
286 596 469 674 concupiscit
494 604 523 655 et
548 603 646 675 sperat
666 598 762 655 anima
781 613 846 654 mea
864 595 895 653 in
918 594 1002 653 atriis
1020 591 1147 654 Domini.
1184 593 1268 654 Unde

119 701 218 763 elucet
241 701 349 784 legem,
372 705 450 764 sicut
473 705 504 763 in
527 703 698 763 infirmitate
722 701 844 762 umbrae
868 699 942 760 nihil
960 697 1044 779 valet,
1068 702 1110 760 sic
1134 700 1170 760 ad
1193 703 1268 761 veri-

119 817 211 870 tatem
229 827 283 889 per
302 807 433 889 Moysem
452 810 549 871 datam
568 810 807 871 transformatam
827 816 857 868 et
876 806 1071 886 spiritualiter
1089 806 1268 868 intellectam

123 918 297 995 mysterium
321 916 432 978 Christi
454 916 540 977 nobis
564 915 710 997 explicare
735 923 765 975 et
789 915 941 975 scientiam
965 930 1066 973 rerum
1091 916 1269 974 necessaria-

120 1042 188 1084 rum
216 1022 302 1083 nobis
329 1024 445 1084 alierre.
487 1023 573 1094 Quod
601 1031 700 1084 autem
728 1021 923 1102 corporaliter
950 1019 1060 1102 aliquid
1089 1022 1203 1099 agimus
1227 1055 1268 1065 —-

119 1129 258 1190 dominus
277 1129 391 1192 sabbati
410 1139 456 1192 est
474 1131 553 1192 filius
571 1131 706 1191 bominis.
744 1129 882 1190 Ostendit
901 1130 980 1188 enim
1000 1127 1136 1189 Christus
1153 1126 1269 1189 ludaeis

120 1255 152 1298 se
167 1239 265 1316 ipsum
280 1245 310 1298 et
329 1247 444 1318 patrem
459 1216 665 1298 demonstrans
685 1256 745 1297 non
765 1239 828 1297 sine
844 1253 934 1316 opere
949 1234 1032 1296 illum
1046 1243 1076 1295 et
1090 1238 1120 1295 in
1136 1235 1270 1297 sabbato:

118 1342 209 1405 Pater
227 1363 313 1406 meus
331 1364 426 1425 usque
441 1345 528 1405 modo
543 1353 684 1424 operatur
699 1354 728 1405 et
743 1363 797 1424 ego
812 1362 921 1424 operor
939 1341 992 1420 (lo.
1008 1338 1038 1416 5,
1055 1338 1119 1425 17).
1153 1343 1270 1405 Scimus

120 1459 234 1532 autem,
262 1455 457 1512 cessationem
485 1454 515 1511 in
544 1450 679 1530 sabbato,
706 1450 772 1510 dico
801 1450 998 1531 corporalem,
1028 1453 1154 1512 inveniri
1182 1469 1270 1530 saepe

121 1577 181 1618 non
206 1567 338 1619 curatam
357 1577 373 1618 a
393 1561 511 1619 sanctis.
549 1556 592 1618 lta
607 1560 686 1617 enim
705 1560 784 1635 cepit
802 1557 1027 1618 llierichontem
1042 1557 1128 1618 losua
1147 1560 1271 1618 sanctis·

121 1667 229 1744 simus,
257 1683 325 1726 cnm
356 1674 435 1726 esset
463 1665 523 1725 dux
554 1666 703 1725 exercitus
729 1673 797 1744 post
820 1664 964 1746 Moysem3
995 1664 1060 1745 sed,
1090 1666 1148 1724 nisi
1178 1665 1270 1739 domi-

122 1790 180 1832 nus
204 1771 309 1834 luisset
327 1773 405 1834 filius
423 1772 552 1833 bominis
572 1775 659 1832 etiam
679 1771 805 1853 sabbati,
830 1781 863 1832 ut
881 1772 953 1832 dicit
972 1771 1114 1852 Salvator,
1138 1791 1193 1832 cur
1211 1791 1270 1832 non

122 1877 298 1939 maledictus
322 1888 367 1940 est
389 1878 484 1959 losua,
509 1879 587 1958 quod
611 1881 642 1938 in
662 1877 783 1939 sabbato
807 1873 898 1938 vicit?
936 1878 1089 1957 Scriptum
1113 1881 1191 1940 enim
1212 1887 1272 1939 est:

122 1984 296 2046 Maledictus
320 1993 366 2046 est
395 1988 504 2067 omnis,
534 1987 586 2064 qni
614 2004 673 2045 non
696 1987 895 2065 permanserit
922 1986 953 2044 in
981 1986 1030 2064 iis,
1059 2003 1133 2064 quae
1162 1988 1272 2065 scripta

123 2093 248 2152 suntin
275 2091 351 2152 libro
380 2093 452 2172 legis
475 2092 578 2173 buius,
607 2101 640 2152 nt
668 2092 754 2151 iaciat
782 2110 816 2152 ea
840 2086 939 2172 (Deut,
959 2087 1011 2171 27,
1031 2085 1096 2175 26).
1134 2093 1273 2153 Armatus

122 2207 224 2260 autem
246 2208 311 2260 erat
333 2208 436 2260 contra
459 2197 691 2280 Hierichontem‚
714 2201 744 2259 in
769 2218 827 2278 quo
851 2217 911 2259 non
935 2196 1110 2277 displicebat
1129 2197 1198 2278 Deo,
1222 2199 1273 2259 sed

122 2306 225 2384 potius
247 2307 292 2365 vir
315 2295 465 2367 armorum
488 2314 552 2366 erat
575 2308 611 2370 ei.
652 2305 754 2385 Neque
783 2314 906 2385 propter
930 2305 1138 2365 verecundiam
1162 2304 1277 2366 sabbati

123 2409 265 2490 prohibiti
295 2420 365 2472 sunt
394 2415 527 2493 vincere,
550 2397 603 2472 sed
632 2414 725 2492 magis
748 2415 877 2494 excitati,
900 2421 933 2473 ut
962 2430 1042 2472 arma
1070 2421 1224 2473 moverent
1247 2421 1277 2473 et

123 2517 287 2579 clamarent
310 2527 412 2580 contra
440 2519 633 2579 adversarios.
675 2518 713 2579 Et
736 2521 767 2579 in
790 2519 855 2598 lege
878 2518 948 2579 belli
973 2518 1183 2598 quodcumque
1206 2519 1275 2580 faci·

123 2632 178 2686 ant
201 2632 230 2685 et
253 2644 304 2686 eos
328 2644 431 2687 vacare
454 2625 606 2687 laboribus
629 2644 756 2707 poenae,
780 2626 928 2687 indicabat
951 2626 1029 2687 illius
1053 2629 1158 2688 aetatis
1180 2626 1274 2686 homi·

122 2731 230 2813 nibus,
256 2751 294 2793 ne
317 2732 391 2812 legis
419 2733 521 2794 latoris
544 2733 664 2812 quidem
688 2733 869 2794 voluntatem
893 2752 959 2793 esse
987 2732 1023 2792 de
1055 2736 1220 2796 cessatione
1244 2737 1275 2793 in

123 2839 257 2903 sabbato.

216 2946 255 3008 Et
277 2956 345 3027 post
367 2948 436 3010 alia:

215 3052 276 3114 Lex
301 3057 380 3116 enim
401 3054 690 3117 demonstrationem
708 3074 809 3117 rerum
833 3055 925 3116 multo
948 3057 1163 3134 praestantium
1190 3054 1276 3115 nobis

123 3161 198 3221 lacit
220 3178 273 3239 per
296 3169 411 3222 nutum.
448 3160 568 3241 lmpura
587 3164 666 3223 enim
686 3162 821 3222 animalia
845 3158 1025 3222 irrationalia
1049 3170 1080 3222 et
1103 3162 1223 3222 volucra
1247 3170 1277 3222 et

122 3266 176 3328 illa
199 3269 230 3327 in
253 3271 327 3328 mari
350 3276 383 3329 ut
406 3271 502 3348 imago
526 3269 678 3329 interdum
701 3279 861 3336 sumuntur
885 3278 913 3331 et
937 3278 1024 3349 typus
1047 3268 1199 3329 bominum
1224 3271 1276 3328 im-

122 3392 273 3456 purorum
297 3384 328 3435 et
346 3378 623 3456 contaminatorum,
647 3395 811 3459 equorum
835 3378 1043 3437 communione
1067 3374 1208 3435 recedere
1233 3374 1277 3435 lu-

123 3499 214 3542 crum
231 3492 277 3542 est
294 3484 340 3564 iis,
359 3485 410 3561 qui
433 3485 512 3545 iuste
533 3492 563 3543 et
581 3485 663 3544 iuxta
681 3483 777 3563 legem
796 3487 894 3545 vivere
919 3483 1033 3564 volunt,
1057 3501 1126 3542 nam
1144 3502 1277 3544 corrum-

123 3595 205 3670 punt
226 3607 325 3650 mores
353 3589 447 3650 bonos
472 3590 618 3669 colloquia
642 3591 716 3651 mala
739 3585 766 3674 (l
787 3591 853 3652 Gor.
870 3587 920 3672 15,
934 3582 1002 3672 33).
1045 3589 1156 3650 Scribit
1180 3588 1279 3651 aut'em

69 3736 78 3758 .
124 3697 218 3756 etiam
236 3695 345 3757 Paulus
364 3689 391 3779 (l
410 3691 610 3779 cor.5,11):
635 3697 667 3758 Si
684 3701 720 3780 is,
739 3701 791 3777 qui
809 3699 901 3759 frater
920 3699 1099 3778 nominatur,
1123 3706 1169 3759 est
1188 3698 1278 3757 iorni·

125 3809 213 3863 cator
240 3812 291 3864 aut
313 3803 449 3866 ebriosus
478 3814 529 3866 aut
554 3805 730 3886 maledicus,
758 3824 826 3866 cum
849 3805 995 3866 eiusmodi
1022 3806 1085 3863 viro
1113 3822 1150 3864 ne
1179 3802 1278 3864 cibum

124 3907 250 3990 quidem
273 3927 432 3972 sumamus.
470 3910 598 3972 Necesse
622 3914 783 3990 igiturest
807 3912 897 3974 rebus
921 3910 1081 3972 immundis
1105 3910 1279 3970 recedamus

126 4023 162 4077 et
190 4033 206 4076 a
233 4016 318 4078 malis
345 4036 400 4078 nos
428 4017 625 4079 secludamus.
672 4019 822 4098 Scriptum
852 4022 930 4079 enim
959 4026 1004 4079 est
1027 4012 1279 4099 (Prov.13‚20):

127 4121 281 4194 Quicum
310 4125 437 4204 sapienti
463 4124 610 4207 graditur,
638 4128 755 4205 sapiens
784 4129 854 4208 erit,
882 4129 934 4205 qui
961 4134 1060 4185 autem
1084 4142 1152 4184 cum
1180 4123 1279 4184 stultis

129 4229 277 4313 graditur,
295 4240 501 4311 cognoscetur.
533 4231 572 4293 Et
589 4235 699 4294 iterum
715 4228 776 4314 (rs.
791 4231 840 4313 18,
855 4227 925 4312 26):
949 4231 1022 4292 Cum
1037 4239 1139 4290 sancto
1159 4238 1279 4290 sanctus

129 4340 194 4399 eris
216 4346 339 4400 etcum
365 4340 429 4399 viro
457 4341 610 4399 innocenti
636 4342 780 4400 innocens
808 4341 867 4399 eris
895 4348 925 4399 et
953 4356 1020 4398 cum
1049 4337 1143 4398 electo
1166 4337 1280 4397 electus

132 4449 195 4508 eris
218 4454 339 4507 etcum
362 4464 505 4528 perverso
527 4450 715 4527 perverteris.
753 4447 855 4527 ltaque
879 4464 913 4505 eo
942 4444 1020 4523 quod
1049 4444 1121 4505 dicit
1144 4443 1280 4504 Christus
