2926 5040
402 333 443 389 De
462 332 565 389 Iuliani
581 333 675 388 verbis
693 333 903 389 constituendis.
1165 331 1226 396 147

82 496 152 580 anj’.
189 500 254 562 Huc
278 501 392 561 accedit
415 501 492 579 quod
523 500 651 562 dubitari
675 504 794 562 minime
818 511 928 581 potest,
952 503 1136 581 quinetiam
1160 501 1228 561 folia

82 611 212 687 integra,
235 608 344 686 quibus
367 625 472 668 manus
496 607 586 668 altera
611 610 720 688 prioris
743 608 863 669 lacunas
891 607 1031 688 explevit,
1059 627 1094 668 ex
1123 608 1227 668 eodem

83 715 165 774 sonte
197 712 296 775 hausti
326 716 398 794 sint,
431 722 521 792 atquc
553 733 657 773 eorum
688 713 776 774 verba
804 733 819 773 a
852 717 1009 794 scripturis
1037 714 1228 775 Aubertianis
1315 781 1318 787 ,

83 822 254 900 saepissime
278 820 428 881 differunt.
465 820 546 891 Quae
566 839 633 881 cum
657 822 699 881 ita
717 824 786 902 sint,
809 830 931 900 apparet
950 840 986 880 ex
1006 821 1107 881 codice
1127 820 1226 898 aliquo

81 926 205 986 aiteram
224 927 335 987 codicis
349 926 534 986 Monacensis
554 945 673 987 manum
693 946 745 988 sua
760 929 988 1007 deprompsisse.
1022 927 1115 998 Quem
1136 927 1227 987 fuisso

83 1033 283 1112 Capnioneum
303 1052 383 1094 nunc
398 1032 584 1112 deperditum
602 1053 658 1113 pro
672 1043 755 1094 certo
773 1034 922 1094 adfirmari
941 1035 1017 1095 iicet.
1051 1034 1144 1105 Quam
1165 1052 1227 1093 rem

82 1141 122 1200 ita
146 1158 178 1200 se
196 1139 306 1199 habere
326 1142 467 1200 continuo
486 1139 541 1200 nbi
559 1140 761 1220 persuadebis,
784 1143 810 1201 si
832 1141 961 1202 alterius
972 1160 1076 1201 manus
1101 1143 1227 1220 scriptu-

82 1265 131 1306 ras
155 1265 280 1325 quarum
304 1265 447 1307 numerus
476 1230 726 1326 est‘permagnus
754 1267 823 1308 cum
847 1247 1064 1327 Oecolampadii
1093 1249 1227 1307 versione

81 1351 252 1412 contuleris.
291 1352 332 1412 Ita
352 1373 379 1431 p.
397 1350 412 1411 1
439 1351 463 1412 Β
483 1348 504 1412 5
527 1348 589 1427 γάρ
608 1370 678 1413 πω(
697 1353 785 1414 habet
804 1354 828 1414 B
847 1352 877 1434 2,
901 1349 1005 1414 ‘ferme
1025 1349 1115 1414 enirn’
1136 1352 1227 1413 Oeco-

82 1457 254 1541 lampadius,
278 1478 306 1537 p.
325 1456 345 1518 3
368 1458 392 1517 E
411 1455 433 1517 4
456 1459 513 1519 τοῦ
538 1454 669 1519 πάντων
687 1457 777 1535 ἡμῶν
800 1463 942 1536 τωτῆροτ
965 1459 1097 1536 Χριττοῦ
1116 1460 1228 1521 Auber-

83 1574 132 1623 tus
153 1563 175 1625 Β
195 1565 208 1624 1
228 1562 259 1625 Μ
279 1564 430 1644 exhibent,
449 1561 508 1625 32
527 1573 595 1625 ante
614 1567 756 1641 οωτῆροο
776 1567 883 1627 adiecit
898 1563 1063 1643 δετπότου,
1083 1560 1229 1649 ³(contra)

83 1673 179 1730 nostri
199 1673 330 1731 omnium
349 1671 528 1732 dominum
553 1671 730 1732 saluatorem
751 1670 914 1734 Christnm'
934 1675 1022 1734 vertit
1041 1670 1228 1750 Oecolampa-

82 1777 158 1838 dius
185 1777 364 1838 Gravissima
379 1785 478 1838 autem
492 1785 666 1855 argumenta
685 1777 757 1838 hacc
777 1787 856 1839 sunt.
885 1778 993 1857 Pagina
1008 1776 1029 1839 3
1047 1778 1071 1837 E
1086 1775 1107 1837 5
1127 1796 1228 1838 vocem

82 1880 154 1959 τρία
177 1892 245 1944 ante
269 1882 472 1960 (υγγέγραφε
496 1887 661 1946 omiserunt
681 1883 712 1946 Μ
737 1895 767 1946 et
790 1886 909 1946 codices
932 1903 1035 1946 omnes
1060 1887 1110 1964 qui
1134 1904 1170 1944 ex
1194 1902 1229 1943 eo

84 1993 270 2070 prooemium
297 1994 515 2073 repetiverunt,
544 2010 614 2070 ergo
643 1995 732 2053 etiam
761 1992 784 2054 B
807 1993 838 2054 1:
865 1994 918 2054 sed
948 1989 1011 2053 Β2
1040 1994 1070 2052 in
1099 1995 1230 2068 margine

83 2097 192 2159 adiecit
210 2096 281 2174 τρία
294 2117 392 2177 neque
407 2101 506 2160 minus
522 2097 765 2178 oecolampadius
784 2081 873 2161 babet
888 2095 982 2161 ‘tres'.
1014 2098 1117 2176 Neque
1133 2100 1231 2159 minus

82 2206 198 2283 insigne
222 2205 347 2266 alterum
371 2214 416 2265 est
440 2205 616 2285 exemplum.
654 2206 685 2266 P.
707 2205 747 2268 10
771 2206 792 2268 C
813 2205 833 2268 2
856 2207 964 2286 iegitur
988 2209 1018 2266 in
1041 2203 1231 2285 Aubertiana,

83 2329 210 2390 quacum
230 2312 378 2372 consentit
394 2310 440 2373 Μ;
459 2308 552 2373 ἕπου(
570 2311 628 2388 μὲν
647 2310 708 2388 γὰρ
723 2310 951 2387 διογεγονότο(
970 2313 1230 2388 τετρακοτιοοτοῦ

83 2415 229 2492 πέμπτου
253 2435 288 2479 τε
313 2411 361 2500 (τὲ
386 2413 433 2498 Μ)
456 2418 507 2480 καὶ
530 2416 805 2496 εἰκοττοῦ-μετὰ
827 2418 885 2480 τὸν
905 2418 1069 2481 θεοπέτιον
1092 2414 1232 2495 Ἀβραὰμ

82 2520 218 2584 τίκτεται
251 2523 308 2600 μὲν
336 2523 373 2586 έν
400 2522 549 2606 Αἰγύπτῳ
579 2524 705 2601 Μωοῆτ.
746 2524 852 2586 Omisit
884 2525 957 2585 haec
991 2524 1013 2586 Β
1041 2523 1057 2586 l
1090 2543 1158 2585 cum
1193 2528 1229 2584 iis

85 2649 159 2709 quae
183 2632 363 2693 antecedunt
391 2641 421 2693 et
449 2643 624 2713 sequuntur,
653 2633 800 2712 supplevit
824 2632 847 2694 B
867 2630 900 2714 23
929 2632 980 2692 sed
1009 2650 1076 2693 curm
1105 2633 1229 2712 litteras,

85 2756 160 2816 quiae
180 2738 334 2798 exstabant
352 2747 420 2818 post
438 2737 584 2814 πέμπτου
603 2738 637 2800 τὲ
658 2742 713 2821 (ita
737 2743 824 2801 etiam
845 2739 868 2800 Β
888 2718 947 2822 2),
961 2742 990 2800 in
1011 2739 1112 2799 codice
1132 2739 1230 2817 legere

86 2863 145 2905 non
164 2847 320 2926 potuisset,
344 2844 366 2906 Β
384 2843 405 2905 2
425 2865 557 2906 vacuum·
569 2866 634 2907 esse
654 2848 746 2908 voluit
765 2865 866 2907 earum
886 2849 1013 2925 spatium
1033 2865 1130 2926 neque
1149 2849 1230 2924 quic·

84 2971 174 3031 quam
200 2955 320 3032 scripsit
348 2955 405 3013 nisi
429 2955 512 3014 (τοῦ.
554 2953 690 3033 Explevit
717 2962 821 3034 postea
849 2956 936 3014 tertia
964 2971 1068 3013 manus
1096 2953 1229 3013 lacunam

84 3060 208 3120 adiectis
227 3059 334 3120 litteris
354 3058 404 3120 καὶ
423 3057 497 3121 εἰκο.
540 3059 578 3121 Et
597 3069 678 3121 recte
698 3061 839 3142 explevit,
863 3078 930 3120 nam
949 3060 1081 3120 codicem
1102 3058 1134 3120 Μ
1153 3060 1230 3119 inira

84 3164 162 3226 exi}
185 3165 369 3244 descriptum
393 3184 459 3226 esse
484 3166 638 3226 ostendam
661 3175 748 3245 atque
769 3169 834 3227 eius
857 3165 996 3226 librarius
1019 3169 1107 3226 etiam
1131 3165 1229 3244 legere

84 3274 194 3354 potuit,
221 3290 297 3351 quae
321 3271 475 3332 exstabant
498 3274 530 3333 in
553 3273 654 3333 codice
678 3292 767 3352 quem
791 3272 985 3334 describebat.
1023 3269 1122 3343 Quid?
1146 3271 1230 3342 Quod

85 3378 191 3439 eodem
213 3377 278 3439 loco
300 3387 388 3457 atque
409 3377 432 3438 Β
451 3377 472 3438 2
496 3377 739 3459 Oecolampadius
764 3399 823 3441 non
845 3380 1001 3459 indagavit,
1024 3397 1098 3457 quse
1122 3381 1152 3438 in
1176 3395 1230 3437 suo

84 3485 187 3546 codice
202 3494 288 3547 antea
302 3483 498 3564 legebantur?
526 3486 621 3547 Vertit
635 3490 713 3548 enim
733 3482 848 3566 ‘quinto
869 3495 899 3547 ct
918 3480 1124 3547 tricesimo'.
1152 3485 1231 3564 Ergo

85 3593 192 3653 eodem
211 3592 313 3653 codice
334 3591 392 3653 Β2
413 3612 484 3653 usus
503 3602 558 3674 est,
581 3604 669 3672 atque
690 3592 943 3673 Oecolampadius,
966 3595 983 3654 i.
1004 3611 1029 3653 e.
1054 3591 1231 3670 Capnioneo.

87 3700 148 3760 Sed
171 3700 241 3779 quid
266 3718 371 3761 causae
396 3710 454 3780 est,
478 3719 533 3761 cur
557 3701 706 3762 nonnuliis
730 3705 887 3781 scripturis
913 3700 935 3762 Β
955 3698 976 3761 2
999 3699 1107 3760 adiecit
1129 3716 1230 3757 vocem

84 3803 181 3887 ‘alifi
218 3805 298 3876 Quae
323 3808 348 3866 si
371 3806 475 3866 eodem
499 3807 587 3867 modo
613 3810 642 3867 in
663 3808 830 3887 Capnioneo
854 3806 1029 3886 legebantur
1053 3815 1140 3884 atque
1165 3803 1229 3864 reii-

84 3932 176 3996 quae,
204 3913 349 3974 adiciendi
379 3931 467 3973 causa
496 3932 554 3973 non
579 3913 720 3975 exstabat.
757 3913 836 3993 Ergo
868 3932 917 3973 eas
946 3930 1053 3972 censeo
1082 3912 1173 3970 fuisse
1200 3912 1231 3971 in

85 4021 220 4098 margine
244 4019 364 4079 codicis.
401 4017 485 4079 Unde
510 4021 597 4079 etiam
619 4020 811 4100 intellegitur,
835 4019 982 4098 quomodo
1007 4020 1070 4078 fieri
1093 4019 1232 4096 potuerit,

84 4135 120 4188 ut
142 4124 360 4206 Oecolampadii
390 4128 485 4185 versio
515 4144 573 4185 non
602 4144 669 4185 cum
694 4125 832 4186 omnibus
855 4128 1013 4205 scripturis
1041 4125 1232 4202 consentiret,

84 4233 195 4313 quibus
219 4233 243 4293 B
262 4231 283 4294 2
302 4233 409 4293 adiecit
427 4250 528 4292 vocem
549 4226 630 4310 ‘aliJ'’.
667 4231 708 4291 Ita
729 4250 757 4310 p.
776 4227 816 4291 15
835 4231 858 4290 D
874 4229 894 4290 2
918 4230 1019 4291 πλέον
1037 4230 1103 4289 τῶν
1123 4224 1232 4289 ἄλλων

84 4339 207 4401 exhibet
227 4339 249 4400 B
267 4339 294 4420 1,
318 4335 483 4400 ‘dubiumr
502 4334 562 4417 aiij'
583 4335 651 4417 32,
675 4333 756 4417 ‘prae
776 4332 852 4397 aliis’
873 4340 960 4397 vertit
979 4335 1231 4415 Oecolampauius.

86 4446 167 4527 Ergo
195 4446 307 4506 codicis
330 4447 491 4526 Capnionei
519 4463 623 4506 manus
650 4444 665 4504 1
696 4444 872 4524 praebuerat
896 4439 1016 4518 ἄλλων,
1046 4446 1076 4503 in
1100 4445 1232 4520 margine

967 4543 1020 4597 10*
