2926 5040
492 323 534 381 De
552 322 651 380 Iuliani
670 324 749 379 libris
766 320 954 379 restituendis.
1235 317 1296 384 113

153 492 233 551 lerre
249 501 305 553 etc.
337 492 398 552 lam
412 512 482 562 vero
497 493 603 554 luliani
623 495 829 572 fragmentum,
848 490 926 570 quod
946 492 1063 551 initium
1079 491 1188 569 capita
1207 489 1297 549 verbo

151 597 296 675 οὐδαμοῦ
323 601 363 660 ita
392 619 450 661 non
484 603 569 679 sequi
597 619 683 680 posse
712 600 750 679 lg.
772 595 873 660 15913
903 600 1108 676 unusquisque
1137 596 1298 676 intelleget.

152 707 210 768 Sed
241 726 299 787 qua
327 710 440 768 ratione
469 708 597 768 tollenda
626 718 671 767 est
698 701 877 767 difficultas?
922 703 979 764 Ubi
1007 707 1144 784 exposuit
1172 703 1299 784 Cyrillus

152 813 225 874 lalso
245 815 368 875 credere
383 813 530 875 lulianum
548 815 774 895 suppositicium
790 811 974 872 Christianos
988 811 1111 871 adorare
1131 810 1179 871 dei
1197 811 1299 892 filium,

151 939 180 998 p.
197 919 293 983 16οΒ
321 918 518 984 ςυναςπίζων
541 919 591 997 δὲ,
620 922 729 1001 inquit,
758 920 925 995 πανταχοῦ
948 920 1017 980 τοῖς
1039 919 1098 979 τοῦ
1121 915 1299 981 Πλάτωνος

152 1021 293 1109 λόγοιςῙ)
322 1026 462 1089 καὶτῶν
485 1024 582 1103 ἱερῶν
606 1024 799 1103 γραμμάτων
822 1024 917 1087 τιθεὶς
940 1023 977 1086 ἐν
1001 1020 1140 1099 ἀμείνοςι
1162 1022 1202 1084 τὰ
1224 1021 1300 1100 παρ’

151 1127 272 1215 αὐιῷῗ)
291 1131 537 1215 ῥαψῳδοῦμενα,
556 1130 713 1209 γράφεται
729 1129 825 1193 πόλιν
843 1130 933 1206 ἡμᾶς,
952 1125 1026 1192 ἀνθ’
1040 1125 1118 1191 ὅτου
1133 1128 1172 1205 δὴ
1192 1127 1299 1204 λόγων

150 1241 207 1314 τῆς
221 1237 402 1319 Ἑλληνικῆς
421 1238 567 1303 εὐεπείας
584 1236 857 1316 ἀπονοςτήςαντες
876 1239 944 1299 τοῑς
962 1238 1018 1312 τῆς
1035 1231 1185 1312 ἀληθείας
1204 1255 1299 1313 προς-

151 1341 411 1430 κεχωρήκαμενθ)
432 1343 549 1421 λόγοις.
586 1346 629 1406 Ειι
647 1344 758 1424 ‘quibus
776 1344 881 1405 luliani
900 1343 988 1404 verba
1007 1345 1166 1404 restituere
1188 1344 1300 1427 dubito,

151 1471 212 1513 non
240 1463 363 1533 propter
392 1474 478 1515 voces
506 1456 575 1515 τοῖς
603 1455 658 1528 τῆς
687 1448 835 1528 ἀληθείας
864 1448 986 1526 λόγοις,
1015 1449 1066 1510 sed
1094 1459 1217 1530 propter
1244 1455 1300 1529 τῆς

149 1556 332 1637 Ἑλληνικῆς
352 1557 506 1622 εὐεπείας.
544 1559 643 1620 llultis
663 1562 742 1620 enim
760 1558 833 1619 locis
853 1557 980 1638 Cyrillus
999 1557 1105 1617 irridet
1119 1556 1300 1619 Graecorum

150 1663 314 1743 εὐέπειαν,
343 1667 559 1739 καλλιέπειαν,
585 1663 781 1741 εὐγλωττίαν
811 1685 907 1745 περιτο
931 1667 1028 1725 minus
1052 1663 1108 1724 hoc
1134 1663 1212 1745 loco,
1242 1684 1300 1744 quo

150 1772 189 1831 de
213 1775 354 1834 orationis
378 1773 598 1854 pulchritudine
618 1773 728 1852 aliquid
750 1773 850 1833 dicere
869 1772 982 1833 luliauo
1001 1773 1032 1830 in
1051 1779 1180 1832 mentem
1200 1776 1300 1833 venire

151 1899 212 1940 non
235 1883 340 1959 potuit.
378 1880 433 1951 Oui
454 1885 525 1960 quin
550 1901 583 1941 re
608 1900 675 1941 vera
698 1881 755 1940 hoo
778 1879 843 1940 loco
862 1879 1042 1958 quaesiverit
1060 1896 1096 1937 ex
1117 1877 1301 1963 Christianis,

151 2005 208 2046 cur
235 1989 266 2046 in
294 1987 474 2049 Graecorum
503 1988 646 2066 religione
679 2005 739 2047 non
771 1988 1017 2067 permansissent,
1049 2003 1104 2044 cur
1131 1986 1302 2048 dubitemus

151 2112 241 2153 causa
264 2113 323 2154 non
348 2104 402 2156 est.
438 2095 521 2155 Hanc
544 2097 634 2174 igitur
654 2096 858 2173 quaestionem
882 2093 1052 2154 collocatam
1076 2092 1168 2154 luisse
1192 2113 1301 2155 censeo

149 2208 220 2279 post
242 2201 280 2279 lg.
298 2198 360 2261 159
372 2202 405 2262 E.
442 2202 536 2273 Quam
561 2209 698 2262 secutum
722 2219 787 2261 esse
812 2208 909 2261 statuo
934 2201 971 2278 fg.
992 2196 1089 2260 16οῦ
1105 2217 1178 2281 sqq,
1202 2220 1299 2281 neque

152 2316 252 2367 tannen
272 2310 311 2367 ita
327 2310 413 2386 sequi
430 2311 536 2387 potuit.
570 2307 628 2368 Sed
648 2309 871 2368 meminerimus
887 2326 954 2367 cum
968 2306 1100 2366 Platonis
1116 2307 1301 2388 philosophia

152 2414 293 2475 hocloco
313 2423 512 2494 comparatam
531 2433 597 2475 esse
616 2413 853 2476 Christianorum
872 2415 1054 2492 religionem.
1091 2413 1171 2494 Ergo
1194 2418 1220 2476 si
1243 2425 1300 2476 sta-

153 2525 301 2583 tuerimus
323 2541 410 2582 voces
429 2520 465 2583 ἑν
483 2518 662 2583 Πλάτωνος
685 2519 745 2597 γὰρ
766 2518 874 2595 λόγοι(
898 2522 991 2582 luisse
1011 2528 1078 2580 ante
1098 2540 1185 2583 voces
1204 2520 1300 2584 οὐδα-

154 2629 229 2704 μοῦ,
258 2631 356 2688 omnia
384 2639 466 2705 recto
494 2636 558 2688 tum
580 2629 751 2707 procedent.
793 2628 896 2707 Neque
924 2635 1024 2688 tamen
1046 2629 1161 2708 integra
1186 2638 1302 2690 exstant

152 2735 258 2796 iuliani
277 2734 366 2795 verba
385 2738 415 2794 in
431 2735 468 2814 lg.
486 2733 583 2796 1601]
598 2754 661 2814 sqq.
694 2735 768 2796 Nam
787 2745 855 2815 post
875 2737 939 2796 eius
957 2734 1047 2795 verba
1065 2754 1093 2814 p.
1111 2733 1207 2796 161Α
1226 2735 1301 2798 τούς

154 2839 275 2916 χιλίους
298 2837 346 2901 ἑνὶ
369 2822 530 2901 Ιοριιπιιαῦ
553 2844 618 2921 ipso
638 2840 746 2920 Cyrillo
770 2842 926 2904 indicatur.
963 2842 1081 2902 Finitur
1103 2852 1201 2903 autem
1225 2843 1301 2921 frag·

153 2957 288 3008 mentum
316 2950 440 3027 integris
467 2966 574 3007 rursus
605 2947 710 3008 luliani
740 2948 839 3008 verbis
870 2947 978 3009 16113:
1006 2946 1034 3010 εἰ
1061 2946 1123 3024 γὰρ
1151 2947 1201 3009 καὶ
1230 2945 1302 3009 ἑνὸς

152 3052 271 3130 ἡρώων
294 3052 356 3116 κτὲ.
389 3055 537 3126 Quicum
565 3057 623 3114 iam
647 3053 857 3134 lg.168Bsq.
889 3054 1017 3134 Lycurgi
1044 3063 1074 3115 et
1098 3055 1215 3116 Solonis
1241 3074 1301 3115 me-

154 3164 288 3242 minerit,
318 3163 355 3240 lg.
373 3160 470 3223 1711}
486 3180 550 3240 sqq.
574 3164 694 3241 exponit
718 3161 839 3222 meliora
862 3162 952 3222 Mosis
980 3161 1096 3241 legibus
1120 3181 1185 3241 esse
1208 3163 1301 3243 philo·

155 3267 317 3346 sophorum
340 3277 506 3348 praecepta.

243 3374 363 3434 lamed
388 3385 522 3454 quartam
549 3369 698 3459 accedit4)
727 3376 848 3437 alterius
871 3378 964 3456 partis
987 3375 1217 3458 paragraphum,
1245 3395 1302 3455 qua

157 3483 267 3541 maiora
287 3481 359 3541 adeo
378 3481 453 3541 dona
473 3482 539 3542 data
559 3501 623 3543 esse
640 3482 760 3543 Graecis
779 3483 937 3544 ostendere
957 3483 1057 3544 studet
1076 3502 1163 3562 quam
1179 3483 1302 3544 ludaeis.

156 3588 265 3649 Multos
294 3591 373 3648 enim
401 3592 480 3650 viros
508 3592 651 3670 sapientia
679 3590 815 3650 floruisse
849 3590 926 3670 apud
951 3590 1106 3672 barbaros,
1134 3610 1194 3651 uno
1222 3589 1302 3650 Mose

157 3696 278 3775 gloriari
296 3695 429 3778 ludaeos,
453 3716 579 3776 quorum
599 3700 688 3757 etiam
707 3716 770 3758 rem
791 3697 940 3777 publicam
963 3700 1004 3759 ita
1023 3699 1116 3759 luisse
1139 3697 1304 3779 invalidam,

230 3995 255 4061 1)
276 3994 320 4047 Ita
337 3991 421 4048 Marc.
443 4000 501 4048 123.
525 4000 669 4061 πανταχοῦ
695 3997 725 4049 δὲ
744 3995 912 4052 ςυναςπίζων
931 4002 990 4049 τοῖς
1008 3997 1100 4060 λόγοις
1116 4001 1168 4049 τοῦ
1187 3995 1303 4049 Πλάται-

154 4099 203 4135 νος
222 4083 293 4139 Aub.

232 4175 259 4239 2)
278 4173 349 4239 nop'
367 4174 445 4240 αὐτῷ
464 4173 535 4226 Aub.
557 4172 604 4225 ‘ab
623 4172 684 4226 illo'
706 4173 798 4227 Oecol.
817 4176 887 4241 nop’
906 4176 1000 4227 αὐτῶν
1018 4174 1103 4228 Marc.
1124 4178 1182 4226 123.

229 4264 257 4330 3)
276 4263 542 4328 προςκεχωρήκαμεν
556 4262 640 4315 Marc.
653 4269 711 4316 123.
729 4262 935 4317 ‘concessimus'
952 4261 1044 4316 Oecol.
1058 4267 1304 4331 προςκεχαιρήκατε

154 4351 242 4404 Marc.
263 4356 322 4405 122.
346 4351 416 4405 Aub.

228 4443 256 4508 4)
276 4438 338 4508 Cyr.
360 4440 456 4494 1raA:
474 4440 640 4506 προςεπάγει
659 4443 688 4494 δὲ
707 4442 825 4495 τούτοις.

210 4557 317 4596 Iulianus
332 4557 366 4596 ed.
380 4557 507 4597 Neumann.
1073 4556 1089 4602 8
