2926 5040
470 325 511 378 De
530 324 632 379 iuliani
650 324 730 379 libris
749 325 939 381 restituendis.
1220 328 1281 392 103

134 496 288 574 positurus
311 496 357 554 sit.
394 492 496 570 Neque
520 501 619 552 tamen
638 493 797 570 quicquam
821 492 982 571 probarent
1005 493 1077 553 haec
1097 513 1172 573 quae
1193 496 1281 556 modo

133 601 219 662 οῖιυΙῖ
238 607 420 679 argumenta,
443 601 500 659 nisi
519 598 586 658 taiia
605 608 707 658 essem
726 597 830 658 iuliani
849 600 1011 678 fragmenta
1029 619 1044 659 a
1064 601 1171 679 Cyrilio
1195 601 1281 662 uobis

132 717 261 789 servata,
294 716 327 768 ut
354 709 397 767 eis
426 707 593 766 coniunctis
626 688 771 784 perpetua
800 705 943 783 quaedam
972 707 1143 767 efficeretur
1171 711 1280 789 oratio;

132 815 331 892 nequeenim
359 821 430 872 sunt
458 811 538 890 talia,
566 810 660 889 qualia
690 819 845 889 poetarum
869 815 1074 874 scaenicorum
1098 814 1279 875 Graecorum

131 928 162 979 et
180 918 351 979 Latinorum
375 917 559 995 aliorumque
579 919 758 996 scriptorum
783 917 945 995 fragmenta
969 919 1046 998 apud
1066 923 1162 980 varios
1186 924 1278 1000 serip-

129 1036 211 1085 tores
234 1026 342 1104 passim
366 1023 491 1102 laudata,
515 1021 567 1083 sed
588 1024 750 1083 torosiore
776 1021 851 1082 iiber
875 1026 1028 1085 commode
1049 1045 1084 1086 ex
1104 1029 1140 1086 iis
1160 1030 1277 1088 restitui

131 1139 237 1211 potest.
274 1131 416 1190 Indicavit
439 1137 537 1190 autem
561 1131 624 1209 ipse
648 1128 780 1189 lulianus
804 1125 896 1209 (apud
920 1130 986 1209 Cyr.
1000 1129 1079 1192 4213
1094 1128 1165 1216 sep),
1189 1153 1277 1212 quam

130 1237 355 1316 argumentandi
387 1238 531 1297 rationem
560 1237 590 1296 in
624 1238 720 1315 primo
749 1235 824 1295 iibro
854 1236 1049 1299 observasset.
1092 1239 1170 1300 Sunt
1199 1243 1277 1300 euim

129 1345 203 1404 haec
225 1346 290 1404 eius
320 1343 421 1404 verba:
455 1341 578 1419 Μικρὸν
606 1341 641 1403 δὲ
670 1339 845 1419 ἀναλαβεῖν
871 1338 975 1418 ἀξιον,
1004 1340 1081 1407 ὅθεν
1108 1345 1183 1422 ἡμῖν
1210 1345 1277 1423 ἥκει

128 1449 180 1513 καὶ
208 1446 298 1511 ὅπως
326 1446 435 1512 ἔννοια
463 1450 539 1512 θεοῦ
566 1447 604 1510 τὸ
632 1449 775 1524 πρῶτον,
809 1445 878 1510 εἶτα
906 1453 1095 1526 παραθεῖναι
1123 1450 1163 1512 τά
1191 1451 1278 1528 παρὰ

128 1558 197 1618 τοῖς
214 1553 340 1630 ’Ἐλληςι
363 1553 413 1616 καὶ
436 1553 524 1631 παρά
545 1557 614 1616 τοῖς
632 1552 785 1631 Ἑβραίοις
809 1552 890 1630 ὑπὲρ
913 1558 971 1617 τοῦ
995 1555 1083 1618 θείου
1108 1555 1275 1635 λεγόμενα,

127 1661 180 1724 καῖ
198 1660 276 1736 μετὰ
294 1663 390 1722 τοῦτο
409 1636 618 1736 ἶπανερέςθαι
637 1660 712 1722 τοὺς
732 1658 806 1723 οὔτε
825 1660 982 1737 Ἕλληνας
1000 1659 1076 1724 οὔτε
1096 1659 1277 1741 Ἰουδαίους,

126 1765 212 1831 ἀλλὰ
229 1769 295 1830 τῶν
314 1765 490 1830 Γαλιλαίων
511 1763 608 1830 ὄντας
627 1764 785 1842 αἱρέςεως,
809 1762 883 1829 ἀνθ’
901 1763 980 1828 ὅτου
1000 1767 1063 1843 πρὸ
1081 1771 1148 1830 τῶν
1167 1768 1277 1847 ἡμετέ-

125 1894 196 1953 ρων
218 1874 345 1939 εἵλοντο
368 1872 409 1936 τά
430 1869 511 1949 παρ’
533 1871 680 1949 ἐκείνοις,
708 1872 759 1935 καὶ
783 1871 836 1935 ἐπὶ
860 1871 978 1954 τούτῳ,
1006 1872 1035 1935 τί
1058 1875 1178 1952 δήποτε
1203 1873 1277 1953 μηδ’

127 1979 262 2044 ἐκείνοις
280 1979 473 2056 έμμένουςιν,
493 1976 575 2040 ἀλλὰ
595 1976 749 2041 κάκείνων
768 1975 964 2042 ἀποςτάντες
984 1978 1067 2043 ἰδίαν
1087 1979 1165 2043 ὁδὸν
1184 1980 1275 2058 έτρά-

125 2105 239 2149 ποντο.
276 2087 391 2158 Quibus
415 2086 513 2146 verbis
537 2071 670 2146 normam
695 2086 780 2147 nobis
808 2087 889 2147 dedit
912 2087 1058 2167 lulianus,
1085 2108 1100 2148 a
1124 2108 1181 2167 qua
1206 2109 1274 2150 nus-

125 2212 217 2273 quam
245 2192 444 2254 recedendum
472 2201 525 2253 est.
573 2191 664 2252 Cuius
697 2210 815 2270 semper
848 2211 995 2252 memores
1026 2180 1091 2253 esse
1124 2170 1276 2276 debemus,

125 2318 197 2361 eum
219 2302 250 2360 iu
274 2302 369 2379 primo
393 2299 468 2359 libro
488 2298 645 2359 refutando
665 2316 723 2357 non
743 2298 871 2359 eundem
893 2298 1002 2377 ubique
1022 2307 1110 2377 atque
1129 2300 1273 2361 lulianum

127 2426 197 2467 sese
228 2407 401 2467 observasse
430 2406 564 2465 ordinem
593 2412 623 2464 et
651 2403 755 2464 iuliani
786 2405 929 2483 quaedam
962 2405 1018 2464 aiio
1046 2405 1111 2465 loco
1140 2409 1274 2484 posuisse

126 2522 218 2592 atque
243 2515 274 2573 in
302 2515 395 2591 ipsius
422 2511 499 2572 libro
522 2510 677 2571 exstabant
703 2513 767 2590 ipse
791 2511 917 2590 Cyrilius
945 2513 1128 2591 profiteatur.
1166 2512 1274 2591 Pagina

123 2623 207 2681 euim
225 2616 302 2682 381)
322 2637 380 2698 sq.:
407 2615 511 2680 ἰςτέον
530 2615 645 2691 μέντοι,
664 2619 771 2696 inquit,
789 2613 932 2679 κάκεῖνο·
956 2617 992 2679 έν
1011 2616 1072 2694 γάρ
1091 2620 1136 2696 τῷ
1157 2614 1275 2698 πρώτῳ

122 2724 215 2806 λόγῳ
234 2725 286 2788 διὰ
303 2723 460 2787 πλείςτων
484 2723 542 2800 μὲν
561 2720 645 2785 ὅςων
664 2722 800 2785 ἐννοιῶν
819 2720 945 2799 ἔρχεται
973 2720 1041 2785 ἀνω
1059 2743 1095 2786 τε
1120 2722 1169 2786 καὶ
1188 2721 1274 2786 κάτω

120 2830 167 2896 τά
188 2830 269 2895 αὐτὰ
291 2829 513 2908 περιςτρέιρων
536 2829 587 2891 καὶ
610 2826 798 2892 ἀνακυκλῶν
821 2828 859 2891 οὐ
883 2829 1031 2894 παύεται·
1056 2830 1107 2891 καὶ
1129 2827 1211 2906 ὅπερ
1234 2828 1274 2891 ἂν

121 2939 163 3002 έν
186 2936 299 3016 ἀρχαῖς
322 2935 495 3013 εὑρίςκοιτο
520 2934 639 3011 λέγων,
665 2938 762 2998 τοῦτο
786 2934 837 2997 καὶ
864 2935 917 2997 διά
940 2937 1035 3013 μέςου
1059 2935 1200 2997 καὶτοῖς
1223 2954 1271 2998 τε·

122 3043 284 3108 λευταίοις
312 3041 443 3106 ἐκτιθεὶς
452 3038 476 3123 ¹)
503 3041 578 3104 τοὺς
607 3045 662 3119 τῆς
689 3038 900 3119 άντιρρήςεως
929 3041 1046 3117 λόγους
1074 3040 1274 3119 ἀποφήνειεν

122 3149 167 3213 ἂν
194 3149 252 3213 οὐκ
279 3149 315 3212 έν
344 3146 449 3228 κόςμιρ
477 3146 560 3224 τάχα
587 3167 651 3209 που
683 3143 960 3232 γεγενημένουςά)
1002 3151 1086 3211 πάςα
1113 3146 1173 3224 γάρ
1204 3167 1273 3211 πως

121 3255 248 3334 ἀνάγκη
270 3258 339 3318 τοῖς
362 3250 437 3331 παρ’
459 3252 559 3316 αὐτοῦ
584 3253 769 3330 λεγομένοις
793 3256 989 3329 φιλονεικεῖν
1012 3255 1188 3334 ᾑρημένους
1212 3254 1272 3330 οὐχ

121 3362 222 3439 ἅπαξ,
246 3360 329 3424 ἀλλά
352 3358 529 3423 πλειςτάκις
558 3360 718 3437 περὶτῶν
742 3357 849 3421 αὐτῶν
873 3356 1102 3434 ἀειλογοῦντας
1131 3358 1271 3436 ὁράςθαι.

121 3467 287 3532 διελόντες
309 3467 419 3531 τοίνυν
442 3467 479 3530 ἐν
501 3464 587 3530 τάξει
610 3461 704 3548 τινὶῧ)
729 3467 974 3546 πρεπωδεςτέρᾳ
998 3465 1055 3528 τὸν
1074 3464 1148 3543 παρ’
1172 3465 1271 3530 αάτοῖι

122 3573 226 3649 λόγον
248 3573 299 3636 καί
321 3572 379 3636 τὰς
397 3573 433 3635 ἐν
457 3570 544 3653 αὐτῷ
572 3568 715 3633 διανοίας
739 3569 982 3644 ςυνενεγκάντες
1006 3567 1078 3632 κατ’
1102 3568 1187 3634 εἶδος
1211 3571 1271 3648 οὐχ

120 3678 257 3757 ἑκάςτην
279 3676 468 3755 πλειςτάκις,
496 3675 716 3754 ἀποχρώντως
745 3678 781 3739 δὲ
805 3676 888 3741 ἅπαξ
912 3679 963 3740 καὶ
987 3678 1146 3753 ἐντέχνως
1170 3677 1269 3740 ὑπαν-

120 3782 301 3867 τήςομεν.*)
343 3787 384 3849 Ac
411 3786 588 3866 plerumque
617 3802 685 3844 eum
720 3784 854 3844 ordinem
882 3789 1041 3845 mutavisse
1070 3787 1154 3845 initio
1182 3787 1270 3864 primi

122 3896 192 3958 iibri
215 3897 357 3956 contiuuo
376 3892 549 3954 videbimus.
587 3890 628 3950 Ea
648 3909 717 3951 sane
737 3891 909 3971 fragmenta,
933 3892 1041 3969 quihus
1061 3894 1151 3952 totius
1171 3893 1270 3968 operis

121 4003 257 4064 constitit
285 4001 469 4080 prooemium
499 3997 598 4058 attulit
630 3995 734 4057 ordine
762 4015 820 4056 non
850 4007 971 4058 mutato.
1017 3999 1111 4076 Atque
1140 3995 1270 4056 exordiri

197 4180 210 4226 1
242 4173 356 4226 ἐκτιθεὶς
373 4169 458 4223 Marc.
480 4175 538 4222 123.
559 4169 674 4222 ἐντιθεὶς
691 4167 763 4221 Aub.

194 4269 211 4317 2
241 4261 286 4314 ica
303 4259 388 4313 Marc.
409 4264 468 4313 123.
487 4259 705 4324 γεγεννημένους
723 4256 795 4310 Aub.

194 4358 211 4405 3
238 4351 272 4403 ἐν
289 4349 365 4403 τάξει
382 4349 435 4401 τινὶ
454 4344 561 4414 scripsi.
581 4348 611 4399 ἐν
629 4347 704 4399 τάξει
722 4351 757 4414 τῇ
777 4346 861 4399 Mare.
883 4350 933 4398 123
953 4345 982 4398 et
1000 4342 1071 4397 Aub.

193 4441 223 4507 4)
242 4438 328 4492 Marc.
348 4443 407 4491 123.
426 4436 634 4505 ὑπαντήςωμεν.
