2926 5040
432 331 474 385 De
492 330 593 386 Iuliani
611 331 690 386 libris
708 330 896 386 restituendis.
1001 334 1054 351 ‘⁴
1174 331 1238 396 137

92 508 166 581 tum,
190 499 267 577 quod
287 517 320 559 re
341 516 408 558 vera
427 500 524 577 primo
547 497 623 558 libro
643 497 834 559 tribuendum
853 516 919 559 esse
939 499 1146 559 demonstravi.
1182 499 1240 560 Sed

92 614 191 667 tamen
219 611 343 685 propter
373 613 581 683 argumentum
609 604 751 683 quaedam
775 623 791 664 e
821 607 909 666 tertio
937 603 1013 665 libro
1041 604 1147 687 hausta
1175 625 1240 667 esse

92 714 236 772 existima.
270 710 396 790 Cyrillus
415 712 494 771 enim
513 730 541 790 p.
555 706 654 771 250ss
673 708 833 773 τεύξεεθαι
853 710 897 787 δὲ,
917 712 1022 793 inquit,
1040 715 1239 789 προεδοκῶει

92 812 148 902 (se'.
162 815 203 880 'oi
228 815 419 894 Χριετιανοὶ)
448 815 501 886 καὶ,
526 819 583 893 τῆε
606 814 641 879 ἐκ
669 818 793 893 νεκρῶν
816 814 1015 879 ἀναετάεειιιε
1045 816 1081 880 ἐν
1106 817 1240 900 Χριετῷ·

93 923 111 987 ὁ
136 925 174 1000 δὴ
198 921 330 1002 μάλιετα
354 922 486 1003 διαγελᾷ
510 920 590 998 πρὸ(
613 926 681 986 roi(
703 920 763 985 ἄλλ
816 921 953 986 ’ἅπαειν
976 922 1069 1002 ὁτῆε
1092 922 1241 1002 ἀληθεία(

92 1027 218 1109 ἑχθρόε,
243 1027 349 1106 ὥεπερ
378 1028 436 1090 οὐκ
459 1028 536 1092 ἐνὸν
564 1033 610 1112 τῷ
634 940 906 1106 πάντᾸζγύοντι
935 1035 998 1113 θεῷ
1026 1030 1077 1092 καὶ
1100 1029 1240 1095 θανάτου

93 1137 259 1215 κρείττονα
282 1133 450 1214 ἀποφῆναι
477 1136 535 1199 τὸν
560 1134 647 1218 λόγῳ
672 1138 796 1214 φθορᾶς
820 1135 1031 1214 ὑποκείμενον
1054 1137 1134 1199 κατὰ
1157 1137 1240 1200 ἰδίαν

93 1245 188 1324 φύειν
207 1242 269 1306 κτὲ.
310 1245 352 1304 De
376 1253 562 1306 mortuorum
585 1253 684 1306 autem
708 1248 929 1306 resurreetione
954 1253 1054 1324 egerat
1076 1244 1185 1306 Paulus
1208 1235 1251 1305 in'

94 1353 220 1434 epistula
248 1354 342 1432 prima
371 1352 405 1412 ad
430 1351 709 1413 Thessalonicenses
738 1351 804 1412 data
826 1348 862 1432 4,
883 1349 924 1413 13
939 1370 1002 1430 sqq.
1039 1353 1081 1411 Αα
1109 1351 1243 1413 versibus

97 1458 136 1522 16
151 1479 214 1539 sqq.
239 1459 312 1520 dixit
334 1458 444 1519 Paulus
472 1459 535 1519 lore
559 1467 593 1520 ut
615 1461 673 1538 ipsi
700 1461 730 1519 in
755 1457 1108 1527 caelumascenderent.⁴
1132 1455 1241 1533 Αὐτὸε,
1308 1527 1310 1531 ,

94 1569 205 1649 inquit,
234 1562 253 1627 ὁ
281 1563 388 1641 κύριος
416 1562 452 1626 ἐν
481 1563 678 1642 κελεύεματι,
707 1563 744 1627 ἐν
773 1569 868 1647 φωνῇ
897 1561 1100 1640 ἀρχαγγέλου
1128 1561 1179 1624 καλ
1207 1561 1243 1624 ἐν

95 1672 242 1748 (άλπιγγι
262 1672 339 1734 θεοῦ
359 1670 565 1748 καταβήεεται
583 1666 642 1731 ἀπ’
661 1668 811 1747 οὐρανοῦ,
831 1670 881 1732 καὶ
900 1668 931 1731 οἱ
946 1670 1052 1746 νεκροὶ
1070 1668 1106 1732 ἐν
1123 1667 1243 1751 Χριετῷ

97 1777 325 1856 ἀναετήεονται
349 1779 487 1854 πρῶτον,
512 1773 729 1854 ἔπειταὴμεῑε
748 1774 779 1839 οἱ
798 1779 917 1841 ζῶντε(
936 1775 967 1841 oi
986 1773 1244 1852 περιλειπόμενοι
1276 1771 1279 1777 ’

95 1883 160 1963 ἅμα
182 1885 238 1947 εὺν
261 1882 372 1946 αὐτοῖς
395 1879 643 1960 ἀρπαγηεόμεθα
666 1881 703 1945 ἐν
731 1883 883 1960 νεφέλαι(
911 1881 955 1946 εἰ(
984 1880 1158 1960 ἀπάντηειν
1185 1884 1244 1946 τοῦ

95 1990 204 2069 κυρίου
222 1989 266 2053 εἰ(
281 1987 367 2067 ἀέρα.
401 1988 461 2051 lam
476 2009 545 2051 vero
560 1991 640 2052 hunc
656 2010 774 2070 quoque
793 1991 891 2053 locum
910 1993 1120 2072 perstrinxisse
1136 2008 1243 2050 censeo
1333 2003 1335 2006 ⁴

95 2081 242 2160 lulianum
260 2096 335 2157 libro
355 2098 457 2177 terti03
477 2097 674 2177 fragmentum
693 2099 773 2158 enim
792 2101 856 2159 eins
876 2117 892 2159 a
912 2098 1001 2161 Suida
1022 2101 1044 2159 s.
1060 2118 1085 2158 r.
1105 2092 1244 2158 ἀιέόνοια

97 2213 246 2267 servatum
271 2204 329 2265 huc
356 2205 508 2283 pertinere
537 2204 609 2264 mihi
636 2204 761 2265 videtur.
803 2206 889 2276 Quod
914 2205 1090 2286 quamquam
1115 2224 1131 2265 a
1155 2203 1245 2264 Suida

96 2331 157 2373 non
175 2312 324 2373 indicatur
343 2301 457 2390 exque
476 2310 553 2371 libro
573 2313 612 2371 sit
631 2310 849 2394 depromptum,
873 2314 965 2373 luisse
984 2312 1083 2374 indico
1106 2314 1137 2372 in
1161 2309 1244 2370 libris

96 2429 200 2480 contra
224 2416 408 2478 Christianos
436 2418 554 2498 scriptis
582 2427 706 2498 propter
733 2437 820 2479 voces
848 2422 904 2495 τῆε
932 2415 1065 2495 ἐεχάτηε
1088 2413 1244 2479 ἀπονοία(

97 2523 161 2586 {cri
189 2525 327 2600 εημεῑον.
373 2525 469 2603 Atque
499 2526 562 2586 lore
590 2535 623 2586 ut
652 2524 812 2587 Christiani
839 2527 922 2587 brevi
950 2536 1017 2606 post
1049 2524 1245 2586 ascenderent

96 2634 128 2692 in
157 2630 270 2692 caelum
299 2649 367 2691 eum
392 2633 502 2692 iniuria
525 2631 635 2692 Paulus
659 2642 689 2693 et
717 2634 871 2712 protessus
899 2643 978 2694 esset
1006 2642 1036 2693 et
1062 2634 1125 2712 ipse
1150 2629 1244 2690 credi-

98 2738 200 2818 disset,
222 2736 354 2799 lulianus
377 2736 415 2799 τὸ
439 2737 479 2814 μὴ
503 2736 694 2815 προϊδέεθαι,
718 2740 828 2821 inquit,
851 2737 889 2800 τό
912 2759 948 2801 τε
971 2736 1110 2800 δυνατὸν
1133 2735 1245 2799 καὶτὸ

97 2839 259 2904 ἀδύνατον
278 2841 314 2905 ἐν
328 2839 486 2920 πράγμαει
505 2846 560 2920 τῆε
579 2840 712 2921 ἐεχάτηε
727 2840 882 2907 ἀπονοία(
897 2843 960 2907 ieri
979 2847 1116 2922 εημεῑον.
1150 2844 1245 2904 Simili

97 2949 187 3010 modo
211 2949 313 3009 eadem
337 2950 422 3012 Pauli
445 2949 534 3010 rerba
557 2950 819 3030 reprehenduntur
842 2971 858 3012 a
881 2951 1056 3032 philosopho
1079 2951 1244 3012 Macariano

97 3055 135 3118 1v
154 3054 175 3117 2
197 3074 226 3135 p.
248 3053 319 3118 159.
1174 3063 1176 3068 “
