2926 5040
151 345 195 410 68
660 349 753 418 eaput
769 349 791 404 1.

240 512 365 592 Ἐπειδὴ
388 515 434 592 δὲ,
458 513 486 578 εἰ
507 517 549 593 μὴ
572 515 610 578 τὸ
633 513 815 594 ἀβούλητον
837 515 1010 594 ἐποιήεατο
1032 510 1088 599 (sc.
1112 514 1132 579 ὁ
1152 513 1306 602 Χριετὸτ)

151 622 295 701 θελητόν,
318 621 393 686 οὐδ’
414 622 455 686 ἀν
478 621 599 687 ἔπαθεν
622 621 722 701 δλωε,
749 622 884 686 δείκνυει
912 623 971 699 μὲν
998 620 1180 699 ἀναγκαίως
1204 622 1305 703 ἀβού-

151 731 249 807 λητον
272 731 331 808 μὲν
348 730 387 792 τὸ
405 729 442 793 ἐν
460 733 507 811 τῷ
525 733 641 793 παθεῖν
659 730 815 806 δυτκλεὲε,
838 727 883 792 ωε
901 727 995 808 ἔφην,
1013 727 1143 807 αἱρετὸν
1161 726 1198 793 δ’
1215 728 1305 808 ὅμως

150 836 203 898 διὰ
225 837 263 899 τό
287 839 361 899 πᾶει
383 839 551 916 χρήειμον·
574 837 625 901 καὶ
643 838 703 915 τὴν
725 837 783 914 μὲν
801 833 1008 914 ἀνεθεληείαν
1025 836 1046 914 ἡ
1064 838 1124 899 τοῦ
1142 835 1304 914 ποτηρίου

150 942 334 1022 παραίτηειε
357 942 438 1022 ἔχει·
466 943 504 1006 τό
526 964 564 1020 γε
593 946 655 1022 μὴν
678 943 794 1008 ἑκόντα
816 947 933 1008 παθεῖν
959 944 998 1006 τὸ
1022 941 1193 1021 εἰρημένον
1219 943 1304 1021 πρδε

148 1051 208 1114 τόν
230 1052 368 1129 πατέρα·
390 1053 475 1130 πλὴν
502 1053 543 1130 μὴ
571 1052 610 1115 τὸ
633 1052 712 1129 ἐμὸν
735 1053 869 1129 θέλημα,
897 1049 981 1114 ἀλλὰ
1007 1050 1046 1114 τὸ
1069 1051 1126 1114 τὸν
1147 1051 1304 1126 γενέκθω.

150 1160 440 1237 ευνευδοκήεαντοε
458 1158 521 1237 γὰρ
539 1161 598 1222 τοῦ
617 1140 695 1223 θεοῦ
713 1159 765 1221 καὶ
783 1159 905 1236 πατρόε
928 1159 979 1221 καὶ
996 1155 1069 1221 οἷον
1087 1157 1304 1222 ευννειίοντοε

149 1269 219 1329 ταῖε
234 1265 435 1344 εοφωτάτωε
454 1263 647 1343 οἰκονομίαι(
665 1269 725 1329 τοῦ
743 1265 824 1348 υἱοῦ,
838 1263 979 1348 <οῦιοε>
986 1260 1012 1349 ¹)
1030 1265 1089 1328 τὸν
1106 1265 1190 1328 κατὰ
1203 1265 1305 1344 εάρκα

149 1372 291 1436 θάνατον
313 1373 483 1451 ὑπομεῖναι
507 1374 646 1451 λέγεται,
673 1373 727 1437 ίνα
750 1373 785 1436 ἐκ
813 1376 936 1451 νεκρῶν
959 1370 1096 1436 ἀνακτὰε
1117 1374 1304 1457 καταργήοη

149 1481 208 1542 τὸν
231 1479 373 1543 θάνατον
395 1480 446 1543 καὶ
464 1477 631 1562 ἀνατρέψῃ
651 1480 780 1558 φθορὰν
803 1480 854 1543 καὶ
872 1480 1020 1564 δικαιώεη
1043 1481 1102 1558 τὴν
1119 1477 1181 1544 ὑπ’
1204 1479 1304 1559 οάρα-

155 1586 224 1649 νόν.
247 1587 299 1649 καί
320 1587 400 1665 μετὰ
424 1583 590 1673 βραχέαί)
614 1584 703 1666 ἄθρει
726 1589 765 1665 δὴ
788 1586 861 1666 οῦν,
885 1586 974 1651 ἀπωε
997 1588 1108 1652 διὰτὸ
1129 1587 1306 1668 ἀναετῆται

148 1694 187 1757 τὸ
210 1695 307 1757 δοθὲν
331 1694 431 1778 αὐτῷ,
458 1697 620 1759 τοιπὲετιν
646 1696 739 1773 ἡμᾶε,
767 1696 805 1758 τὸ
829 1694 1024 1774 ἀνεθέλητον
1051 1694 1139 1779 αάτῷ
1168 1696 1223 1759 διὰ
1247 1696 1306 1760 τάε

149 1800 254 1883 ἐντῷ
277 1806 393 1865 παθεῖν
422 1801 544 1881 ἀτιμία(
572 1802 700 1881 αἱρετὸν
723 1803 903 1882 ἐποιήεατο.
943 1802 1093 1879 ὑπέμεινε
1120 1802 1184 1881 γὰρ
1208 1823 1305 1867 τταυ·

149 1906 221 1984 μὸν,
250 1907 398 1986 αἰεχιίνηε
420 1911 678 1988 καταφρονήεαε,
706 1908 752 1972 ὼε
779 1907 799 1971 δ
826 1911 988 1973 θετπέειοε
1014 1908 1133 1988 γράφει
1157 1910 1305 1974 Παῦλοε.

148 2013 198 2077 δτι
220 2016 256 2078 δὲ
279 2016 320 2095 ἦν
342 2017 381 2078 τὸ
404 2015 507 2080 πάθοε
530 2014 727 2094 ἀνεθέλητον
750 2017 808 2095 μὲν
831 2016 919 2098 αὐτῷ
948 2016 986 2079 τό
1008 2037 1046 2093 γε
1068 2015 1149 2093 ἧκον·
1173 2015 1220 2081 εἰε
1245 2020 1306 2096 τὴν

147 2125 214 2186 τιῦν
246 2121 459 2202 ἀνθρωπίνων
491 2123 628 2187 ἐννοιῶν
658 2122 836 2201 ἀτθένειαν,
874 2124 972 2201 πλὴν,
1009 2121 1111 2186 καίτοι
1141 2125 1232 2188 πολὺ
1266 2126 1305 2189 τὸ

148 2231 295 2294 δυεκλεὲε
324 2229 415 2309 ἕχον,
443 2230 572 2309 αἱρετὸν
600 2230 713 2294 διὰτὸ
736 2235 783 2314 τῷ
806 2234 871 2314 θεῷ
895 2233 1027 2308 δοκοῦν,
1058 2232 1148 2294 δοκεῖ
1169 2231 1207 2294 δὲ
1237 2234 1306 2296 πᾶν

149 2335 259 2400 ὁτιοῦν
286 2336 456 2415 ὑπομεῖναι
481 2338 586 2401 θέλειν
608 2340 675 2400 τῶν
697 2338 862 2401 τοεοῦτων
883 2332 1052 2422 γνηείωεί)
1074 2336 1157 2415 ὑπέρ
1179 2359 1220 2414 γε
1245 2343 1305 2404 τοῦ

148 2447 296 2507 διαεῶεαι
320 2444 471 2527 πολλοὺς,
494 2444 616 2509 κατίδοι
639 2465 685 2508 τιε
704 2444 741 2508 εὖ
759 2445 845 2523 μάλα
867 2446 919 2509 καὶ
937 2445 974 2509 ἐν
991 2449 1060 2509 τοῑε
1078 2444 1305 2522 εὐαγγελικοῖε

148 2547 375 2635 διηγήμαειν.4)
407 2551 474 2630 ἥτιε
494 2556 601 2631 χμῆειε
619 2548 804 2637 ώεαύτωεί)
822 2549 1001 2632 ἀντεβλήθη
1019 2553 1101 2631 πρὸ(
1120 2553 1249 2633 βιβλίον
1268 2556 1305 2620 ἐν

148 2658 266 2735 εώμαει
289 2662 345 2737 τῆ(
374 2659 572 2737 βιβλιοθήκηε
594 2657 757 2736 τυγχάνον
785 2662 844 2722 τοῦ
872 2656 1045 2745 ἐνταῦθαῆ
1071 2658 1214 2736 εὐαγοῦε
1242 2684 1305 2726 πα·
1349 2754 1355 2763 ι

147 2765 329 2844 τριαρχείου
353 2766 404 2828 καὶ
427 2765 616 2843 ἐετοίχηεεν.

700 2908 749 2972 12.

236 3034 280 3094 Ειι
294 3034 396 3095 Leoni.
417 3044 447 3096 et
460 3035 560 3096 loann.
578 3056 606 3116 p.
623 3033 695 3097 108.
727 3031 778 3098 Ἐκ
795 3037 854 3097 τοῦ
873 3028 913 3114 ιβ’
931 3037 998 3098 τῶν
1016 3035 1096 3098 κατὰ
1113 3031 1304 3105 Ἰουλιανοῦ.

236 3138 281 3202 Τὸ
300 3141 358 3218 μέν
377 3143 480 3202 κακῶς
499 3139 667 3218 ἀγορεύειν
681 3136 805 3225 <ὅτι>7>
826 3140 885 3204 οὐκ
898 3139 939 3204 ἂν
958 3140 1065 3205 ἕλοιτό
1083 3163 1139 3223 nc,
1158 3143 1305 3227 εὔδηλον

147 3242 233 3323 οἶμαι
256 3246 364 3309 παντί·
388 3251 532 3325 δημιῖιδεε
551 3247 642 3326 ’ὅμωε
665 3252 762 3311 τοῦτο
786 3249 837 3311 καὶ
859 3247 1025 3326 ἀγοραῖον.

236 3355 317 3425 Quae
337 3356 426 3416 verba
442 3357 512 3435 quid
532 3357 588 3417 sihi
608 3356 698 3417 velint
717 3360 826 3417 nescio.
855 3356 1016 3419 Abicienda
1034 3360 1114 3419 enim
1133 3368 1179 3420 est
1196 3362 1306 3444 Angeli

146 3460 202 3521 Mai
226 3466 386 3545 sententia,
415 3467 466 3542 qui
493 3483 521 3544 p.
536 3461 602 3525 489
631 3460 710 3524 ‘Hoc
738 3466 796 3525 dici
824 3461 957 3526 videtur'
984 3467 1082 3546 inquit
1110 3461 1163 3527 ‘de
1195 3468 1305 3532 lulioni

146 3571 289 3629 conviciis
311 3569 453 3631 adversus
476 3567 680 3632 Christianos?

220 3763 246 3829 1)
265 3761 348 3814 οῦτοε
366 3759 465 3815 adieci.

221 3852 249 3918 θ)
267 3850 328 3904 Ηοο
346 3850 434 3919 igitur
452 3849 515 3905 loeo
534 3849 635 3905 lacuna
652 3851 801 3906 invonitur.

216 3940 243 4006 3)
261 3941 328 3992 τοὺε
352 3941 429 4009 αὐτῷ
452 3940 570 4006 γνητίωε
593 3940 729 4007 Mansins3
756 3941 786 3994 in
808 3941 887 3995 ouius
911 3941 1041 3997 editionis
1063 3943 1212 4015 margine·
1240 3949 1308 4006 ῐςω(

146 4028 282 4095 γνητίουε.
317 4027 371 4082 Sed
391 4027 546 4083 subiectum
560 4029 701 4084 enuntiati
719 4031 763 4084 est
781 4028 913 4084 Christus.
946 4030 1020 4099 Ergo
1039 4030 1223 4091 scribendum
1242 4056 1307 4095 esso

143 4117 214 4171 mihi
232 4118 344 4172 videtur
360 4123 420 4172 τῶν
437 4121 580 4173 τοεούτων
599 4120 724 4188 γνηείωε.

215 4209 244 4276 4)
262 4206 339 4261 Finis
358 4208 514 4278 fingmenii
533 4208 687 4278 Cyrillioni

215 4298 243 4364 ὁ)
262 4297 300 4350 Ut
318 4297 432 4367 Leonis,
450 4295 607 4365 Ambrosii,
625 4297 745 4352 aliorum
763 4298 857 4353 verba.

214 4387 242 4454 θ)
260 4386 434 4441 Potrinrohei
453 4385 766 4456 Constantinopolitoni.

216 4476 242 4543 7)
262 4476 305 4528 ὅτι
324 4475 423 4532 adieci.
