2926 5040
212 369 255 432 36
718 369 809 439 capue
827 369 847 426 1.

212 555 270 615 que
294 538 513 616 conscripserat
543 534 689 596 volumina
714 544 817 597 contra
846 537 1056 615 imperatorem
1078 534 1226 596 lulianum
1250 543 1368 614 aposta·

214 637 301 702 tam.“
336 642 440 721 Neque
464 652 562 703 tamen
585 643 675 703 huius
698 645 868 703 testimonio
892 644 947 703 niti
970 642 1048 703 licet.
1085 641 1183 703 Unum
1207 645 1287 703 enim
1313 643 1368 702 So·

212 756 323 809 cratem
353 749 408 818 hoc
437 749 502 810 loco
530 750 688 828 exscripsit
715 742 904 831 Liberatus¹)
933 767 1030 827 neque
1059 749 1089 808 id
1117 750 1189 809 satis
1216 761 1368 810 accurate.
1425 735 1429 742 ¹

210 854 302 916 Multa
330 857 409 915 enim
439 855 607 936 Philippum
637 863 740 916 contra
768 855 914 916 lulianum
943 856 1099 934 scripsisse
1127 855 1276 916 volumina
1306 874 1368 916 non

211 969 329 1041 poterat
352 963 471 1022 ellicere
502 981 537 1022 ex
562 961 693 1023 Socratis
716 961 814 1022 verbis
837 961 866 1020 lr.
891 980 916 1021 e.
940 960 991 1021 Vll
1014 958 1071 1041 28,
1098 961 1156 1022 uisi
1184 962 1370 1042 neglexisset
1427 953 1431 959 ’

211 1087 312 1129 vocem
336 1067 370 1129 τὲ
396 1071 521 1148 positam
545 1071 575 1128 in
603 1069 700 1130 verbis
724 1065 831 1129 πολλὰ
854 1066 1035 1144 ευνέγραφε
1059 1063 1099 1128 τά
1126 1085 1166 1129 τε
1195 1068 1254 1129 τοῦ
1280 1069 1367 1144 βαει-

211 1174 293 1236 λέω(
311 1170 487 1237 Ἰουλιανοῦ
511 1173 591 1237 κατὰ
611 1174 805 1251 Χριετιανῶν
831 1171 933 1252 βιβλία
952 1170 1186 1238 ἀναεκευάῑων.
1222 1173 1304 1235 llaec
1328 1175 1367 1235 de

210 1282 346 1362 Philippo
372 1282 479 1342 Sideta.
1222 1271 1224 1275 ¹

298 1389 370 1449 Post
380 1407 468 1467 quem
479 1389 619 1449 refutavit
629 1389 733 1449 luliani
743 1388 835 1449 libros
846 1387 1076 1449 violentissimus
1087 1387 1135 1448 ille
1146 1386 1366 1467 etsuperbissi·

210 1515 276 1556 nrns
295 1489 646 1556 Alexandrinorum
664 1490 866 1573 episcopus
886 1489 1068 1571 cyrillus.
1102 1494 1160 1565 Qui
1180 1495 1300 1572 quidem
1315 1493 1366 1553 lu-

211 1602 281 1662 liani
306 1604 425 1681 scriptis
449 1610 562 1661 vastum
586 1604 725 1681 opposuit
748 1620 836 1681 ορατ,
865 1603 951 1661 cuius
974 1600 1042 1661 libri
1067 1603 1182 1681 primus
1207 1618 1302 1678 usque
1326 1599 1365 1660 ad

210 1709 358 1768 decimum
373 1708 408 1768 ad
429 1717 561 1768 nostram
576 1717 776 1786 pervenerunt
790 1716 924 1768 aetatem.
957 1706 1049 1768 Cuius
1064 1709 1163 1786 operis
1178 1707 1366 1767 mentionem

212 1814 283 1875 lecit
306 1814 514 1874 Theodoietus
538 1815 696 1892 episcopus
720 1812 858 1892 Cyrensis
882 1816 911 1873 in
937 1811 1062 1892 epistula
1087 1809 1143 1892 83,
1172 1831 1260 1892 quam
1285 1832 1366 1874 auno

209 1918 274 1981 448
299 1921 396 1981 datam
416 1939 482 1980 esse
502 1939 591 1999 supra
612 1923 812 2000 exposuimus
835 1919 886 1980 ubi
910 1921 1024 1998 egimus
1044 1919 1079 1978 de
1101 1919 1259 1979 Theodoro
1278 1919 1364 1999 Mop-

210 2036 359 2088 suesteno.
396 2027 592 2087 Inveniuntur
616 2034 713 2086 autem
738 2026 816 2086 illius
840 2025 928 2086 verba
953 2027 983 2086 in
1008 2025 1146 2086 editionis
1167 2025 1364 2088 Schulzianae

208 2134 263 2194 vol.
283 2133 328 2193 lV.
352 2153 379 2212 p.
402 2129 489 2194 1150
499 2151 542 2211 sq.
566 2132 652 2193 haec:
688 2129 760 2194 Ὅτι
789 2132 824 2193 δὲ
857 2130 908 2194 καὶ
931 2129 950 2192 ὁ
973 2134 1029 2209 τῆ(
1057 2129 1211 2208 μακαρία(
1239 2133 1366 2211 μνήμη(

210 2237 365 2315 Κύριλλο(
388 2235 542 2301 πολλάκι(
565 2237 640 2316 ἡμῖν
663 2237 852 2314 ἑπέετειλεν,
877 2235 962 2314 οἶμαι
986 2237 1036 2300 καὶ
1059 2239 1118 2315 τὴν
1137 2224 1226 2322 (ὴνί)
1250 2241 1367 2317 ταφῶ(

208 2345 325 2409 εἰδέναι
348 2343 542 2422 τελειότητα.
584 2344 634 2407 καὶ
656 2343 749 2422 ἡνίκα
772 2345 806 2407 δὲ
831 2343 911 2407 κατὰ
934 2341 1108 2407 Ἰουλιάνοῦ
1132 2343 1366 2423 (υγγράμματα

208 2449 252 2514 εἰ(
280 2452 339 2529 τὴν
361 2448 557 2527 Ἀντιόχειαν
585 2450 807 2530 ἐκπέπομφεν,
836 2449 985 2514 άπαότω(
1014 2452 1049 2514 δὲ
1077 2451 1128 2515 καὶ
1159 2451 1200 2514 τὰ
1228 2451 1273 2516 εἰ(
1301 2452 1366 2517 τὸν

208 2554 440 2636 ἀποπομπαῖον
458 2557 637 2636 γραφέντα,
663 2558 721 2622 τὸν
744 2556 898 2636 μακάριον
922 2559 1015 2641 ᾔτη(ε
1039 2555 1188 2636 Ἰωάννην
1215 2558 1275 2622 τὸν
1302 2562 1365 2638 τῆ(

206 2660 397 2740 Ἀντιοχέων
421 2662 594 2727 ἐπί(κοπον
617 2664 770 2730 ἐπιδεῖξαι
790 2668 891 2728 ταῦτα
914 2669 981 2728 τοί(
1000 2663 1080 2727 κατὰ
1102 2665 1161 2743 τὴν
1181 2663 1268 2747 ἑῴαν
1292 2668 1364 2728 δια-

206 2770 362 2847 πρέπου(ι
386 2767 600 2848 διδα(κάλοι(,
623 2772 674 2835 καὶ
697 2773 736 2850 δὴ
759 2775 827 2836 τοί(
852 2770 1028 2849 γράμμααν
1053 2769 1137 2836 είξα(
1162 2769 1180 2834 ὁ
1204 2769 1364 2849 μακάρια(

203 2873 353 2955 Ἰωάννη(
377 2877 550 2954 πέπομφεν
570 2877 644 2955 ἡμῖν
662 2878 719 2942 τὰ(
744 2877 871 2958 βίβλου(
895 2878 946 2942 καὶ
964 2876 1162 2953 ἀναγνόντε(
1181 2875 1364 2955 conopaeo·
1407 2959 1413 2964 .

207 3002 265 3060 μεν
293 2983 343 3046 καὶ
371 2983 596 3062 ἐπεετείλαμεν
624 2989 670 3068 τῷ
698 2989 754 3064 τῆ(
781 2984 934 3063 μακαρία(
962 2985 1082 3064 μνήμη(
1112 2982 1264 3066 Κυρίλλῳ.
1307 2985 1364 3048 καί

207 3086 389 3174 ἀντέγραψε
405 3088 502 3155 πάλιν
516 3092 590 3170 ἡμῖν
609 3092 660 3155 καὶ
680 3089 840 3170 ἀκρίβειαν
858 3091 933 3168 ἡμῖν
952 3090 1003 3153 καὶ
1022 3088 1159 3153 διάθεαν
1179 3091 1362 3168 μαρτυρῶν.

206 3195 258 3259 καὶ
277 3195 408 3262 (ώῑεται
432 3200 532 3261 ταῦτα
555 3197 595 3261 τά
613 3195 781 3275 γράμματα
800 3196 880 3277 παρ’
898 3198 972 3276 ἡμῖν
992 3231 1033 3241 -
1059 3217 1133 3277 quae
1153 3198 1272 3277 quidem
1297 3218 1363 3262 non

207 3313 377 3385 supersunt.
429 3306 565 3368 Efficitur
597 3314 696 3367 autem
729 3326 764 3367 ex
795 3306 975 3366 Theodoreti
1012 3305 1110 3367 verbis
1144 3306 1230 3383 modo
1262 3306 1362 3368 allatis

206 3414 334 3491 scriptos
363 3430 428 3472 esse
452 3412 552 3492 Cyrilli
581 3412 673 3473 libros
701 3424 731 3474 et
759 3432 827 3474 eum
856 3431 914 3492 quo
943 3413 980 3473 de
1008 3431 1208 3492 apopompaeo
1237 3416 1297 3492 egit
1328 3424 1360 3476 et

206 3536 258 3579 eos
286 3521 380 3599 ipsoS‚
408 3519 516 3597 quibus
539 3520 644 3580 luliani
672 3519 762 3579 libros
785 3521 980 3600 impugnavit,
1009 3522 1033 3579 si
1058 3522 1156 3580 minus
1180 3539 1297 3601 omnes,
1328 3529 1360 3582 at

206 3635 287 3686 certe
306 3627 431 3704 primam
450 3619 622 3708 decadem³)
646 3628 724 3687 inter
742 3644 767 3687 a.
786 3623 851 3687 429
872 3635 901 3687 et
920 3645 944 3686 a.
963 3623 1038 3707 441,
1062 3645 1120 3705 quo
1140 3627 1259 3705 quidem
1283 3634 1360 3688 tem-

279 3869 305 3938 1)
324 3868 408 3921 Errat
426 3867 589 3936 Garnerius,
613 3867 662 3936 qui
685 3866 798 3936 septimi
821 3865 921 3937 capitis
946 3867 1054 3921 fontem
1077 3869 1189 3937 praeter
1212 3867 1359 3924 Socratem

205 3973 264 4012 esse
283 3955 428 4010 contendit
446 3958 510 4010 acta
529 3955 642 4010 concilii
660 3955 802 4024 Ephesini.
840 3953 942 4010 Omnia
961 3955 1179 4011 enimiiberati
1201 3957 1288 4012 rerba
1314 3957 1359 4014 in·

204 4047 354 4101 veniuntur
372 4046 401 4099 in
422 4045 496 4100 Socr.
515 4045 543 4101 h.
563 4061 586 4100 e.
605 4043 658 4098 VII
679 4049 719 4098 16.
740 4049 782 4098 1¹1.
804 4049 845 4097 18.
866 4049 907 4098 19.
928 4048 970 4098 28.

275 4139 303 4205 2)
321 4136 486 4190 Dioscorum
506 4134 669 4205 episcopum
687 4132 908 4187 Alexandrinum
927 4133 1080 4201 alloquitur
1099 4133 1300 4189 Theodoretus.

275 4226 302 4294 3)
321 4226 361 4279 De
382 4223 530 4293 quinorum
554 4223 690 4278 librorum
710 4221 903 4277 coniunctione
922 4222 987 4276 ride
1007 4240 1053 4291 ea,
1077 4239 1148 4291 quae
1167 4221 1242 4277 infra
1260 4222 1359 4294 dispu-

203 4314 280 4369 tabo.
317 4315 416 4383 Neque
439 4315 536 4367 tamen
564 4311 684 4381 primam
712 4310 874 4380 pentadem,
898 4311 947 4365 sed
971 4311 1104 4366 decadem
1132 4310 1209 4366 mitti
1231 4312 1359 4381 potuisse

203 4419 311 4470 censeo,
331 4403 406 4472 quod
424 4402 496 4456 libro
511 4402 613 4456 octavo
629 4416 663 4454 ea
677 4398 842 4468 refutantur,
861 4416 932 4467 quae
946 4418 974 4470 p.
990 4400 1075 4455 276ss
1091 4400 1126 4455 de
1139 4417 1208 4455 voce
1223 4403 1360 4460 θεοτόκο(

203 4493 313 4548 dixerat
330 4490 454 4547 lulianus
474 4490 618 4546 doctrinae
632 4488 824 4544 Antiochenac
843 4489 918 4544 haud
937 4489 1094 4548 dissimilia.
1127 4488 1212 4547 Cuius
1230 4490 1358 4550 refutan-
