2926 5040
200 329 263 393 102
698 330 789 400 capu
807 331 840 384 ι.

197 498 361 558 ltaautent
384 496 559 557 'l'lreodorus
577 498 608 555 in
627 497 833 556 constituenda
853 498 1041 557 refutationis
1061 514 1131 556 suae
1150 497 1350 575 inscriptione

198 623 256 663 non
285 604 459 665 statuendus
488 612 534 663 est
563 606 695 681 ipsorum
724 602 828 663 loliani
861 601 1005 662 librorum
1038 601 1141 662 titulos
1169 603 1351 682 respexisse,

198 712 254 769 arisi
278 712 317 770 ita
337 711 512 769 conformati
532 712 629 769 erant:
653 705 826 770 Ἰονλιανοῦ
846 705 1085 783 Αὐτοκράτορος
1103 705 1185 768 κατὰ
1204 705 1350 783 Χριςτια-

198 817 266 876 νῶν
289 816 488 891 κατηγοριῶν
508 810 605 888 λόγος
624 808 662 889 α’,
684 807 718 891 β’,
738 808 776 888 γ’.
814 814 896 885 Quos
919 816 957 874 ita
982 832 1040 874 nou
1063 815 1153 874 luisse
1177 815 1353 893 inscriptos,

198 921 265 981 inde
290 921 395 1001 clucet,
419 923 498 1001 quod
517 921 653 982 dissonae
677 931 747 981 sunt
766 940 853 981 voces
877 923 907 981 in
930 921 1048 980 easdem
1072 920 1185 981 litteras
1205 921 1352 981 cadentes

199 1025 394 1102 Χριςτιανῶν
419 1028 626 1103 κατηγοριῶν.
668 1026 746 1105 Ergo
771 1026 964 1088 dubitandum
988 1046 1054 1087 esse
1083 1044 1142 1087 non
1168 1025 1288 1087 videtur
1312 1028 1352 1088 do

199 1136 391 1214 inscriptione
415 1137 499 1194 initio
524 1153 539 1192 a
564 1132 648 1192 nobis
673 1135 857 1213 constituta

287 1241 346 1301 lam
371 1259 440 1301 vero
470 1239 560 1299 verbo
591 1248 679 1300 tenus
703 1258 768 1300 sese
797 1240 930 1300 attulisse
954 1239 1058 1300 luliani
1088 1239 1177 1300 verba
1205 1241 1270 1319 ipse
1296 1241 1351 1320 Cy·

197 1347 281 1407 rillus
300 1350 503 1427 pronuntiavit
522 1367 548 1425 p.
569 1344 657 1408 380:
685 1344 877 1422 ἐκτιθέμενοι
897 1345 932 1407 δὲ
955 1346 1031 1408 τοὺς
1050 1341 1175 1421 (τίχους
1198 1343 1262 1407 ἐπὶ
1287 1345 1354 1410 λε’·

197 1456 289 1516 Ξειιις
309 1451 424 1530 αὐτῆς
444 1449 674 1529 ἀντεποίςομεν
691 1451 732 1513 τὰ
750 1447 825 1528 παρ’
848 1449 973 1514 ἑαυτῶν
992 1451 1028 1515 ἐν
1051 1449 1157 1532 κόςμῳ
1175 1453 1221 1532 τῷ
1240 1451 1356 1516 δέοντι

197 1561 268 1619 ταῖς
292 1555 415 1620 ἐκείνου
440 1558 671 1634 καταρρήςεςιν.
709 1558 855 1618 Nonnulla
879 1567 977 1618 autem
1006 1542 1163 1637 proiitelur
1186 1577 1252 1620 sese
1277 1563 1354 1622 omi·

198 1667 287 1744 sisse,
316 1667 486 1743 gravissima
515 1665 629 1725 scilicet
651 1664 755 1724 luliani
783 1667 814 1723 iu
838 1663 988 1724 Christum
1017 1666 1177 1745 convicias,
1207 1684 1284 1744 quae
1314 1687 1356 1728 ne

199 1772 300 1849 legere
316 1770 434 1848 quidem
450 1774 605 1850 quisquam
620 1781 721 1849 posset
736 1773 806 1849 quin
822 1769 902 1830 labes
917 1772 945 1830 ei
964 1771 1202 1850 adspergeretur.
1234 1771 1354 1834 Eodem

200 1880 277 1937 enim
302 1877 366 1936 loco
396 1879 437 1936 iis
459 1895 533 1954 quae
557 1876 643 1936 modo
668 1876 752 1936 attuli
773 1874 878 1935 ¹'verbis
906 1877 1012 1937 adiecit
1035 1876 1123 1938 haec:
1155 1871 1280 1955 Ἐπειδὴ
1305 1881 1356 1956 δὲ,

201 1981 245 2043 ῶς
264 1980 356 2059 ἔφην,
379 1979 552 2044 ἀπύλωτον
571 1978 719 2055 ἀνοιγνὺς
738 1980 776 2042 τὸ
796 1979 894 2056 ςτόμα
913 1979 1062 2058 πλείςτην
1081 1979 1159 2059 ὅςην
1177 1982 1357 2062 πεποίηται

199 2089 256 2165 τὴν
281 2085 498 2166 ςακοφαντὶαν
523 2086 603 2150 κατὰ
625 2090 684 2149 τοῦ
708 2084 839 2149 πάντων
861 2087 952 2164 ἡμῶν
975 2091 1116 2165 ςωτῆρος
1141 2088 1275 2165 Χριςτοῦ
1299 2091 1357 2154 καὶ

200 2196 426 2272 παλιμφήμους
454 2191 556 2270 ῥίπτει
580 2189 653 2254 κατ’
675 2191 775 2255 αὐτοῦ
804 2193 931 2270 φωνὰς,
959 2195 1025 2255 τῶν
1049 2193 1107 2270 μὲν
1129 2194 1286 2258 τοιούτων
1313 2197 1357 2260 οὐ

200 2303 453 2379 οιαμεμνήςομαι.
497 2297 678 2377 παρελάςας
707 2300 742 2362 δὲ
771 2299 821 2362 καὶ
850 2298 934 2376 μάλα
962 2299 1134 2379 ἐμφρόνως
1162 2299 1205 2390 τὰ,
1229 2298 1275 2363 δι’
1305 2300 1356 2365 ῶν

200 2405 239 2470 ἄν
262 2428 309 2469 τις
328 2405 574 2483 καταμιαίνοιτο,
598 2404 703 2468 κᾶνεί
727 2403 827 2483 μόνον
851 2409 919 2469 ταῖς
941 2406 1040 2470 αὐτοῦ
1060 2404 1256 2485 προςβάλλοι
1279 2428 1355 2485 φω-

200 2517 278 2589 ναῖς,
297 2516 365 2575 τοῖς
380 2509 563 2585 ἀναγκαίοις
578 2509 857 2589 ἀνταναςτήςομαι.
890 2513 1085 2574 inveniuntur
1103 2525 1202 2576 autem
1220 2517 1253 2575 in
1273 2516 1355 2597 trag-

201 2623 310 2681 urentis
334 2640 349 2679 a
374 2619 481 2698 Cyrilln
506 2623 629 2679 servatis
653 2619 806 2700 quaedam,
829 2621 859 2679 in
884 2620 993 2698 quibus
1016 2623 1188 2700 gravissima
1210 2625 1242 2682 in
1265 2623 1354 2685 turi-

202 2734 281 2788 stnm
305 2727 380 2785 liunt
403 2727 548 2804 convicia;
577 2744 647 2803 ergo
676 2724 753 2786 haud
782 2704 822 2786 ita
852 2745 985 2803 magnam
1009 2745 1075 2787 esse
1103 2727 1357 2806 operislulianei

200 2841 314 2914 partem
335 2851 452 2911 censeo,
476 2850 564 2910 quam
588 2831 641 2891 hac
662 2850 749 2893 eausa
772 2844 926 2910 permotus
946 2836 1079 2894 omiserit
1096 2833 1236 2914 Cyrillus3
1259 2843 1356 2915 atque

201 2941 349 3000 exstitisse
369 2958 443 3016 quae
463 2941 611 3000 omisisset
631 2941 785 2999 maximam
805 2948 920 3017 partem
943 2942 974 2999 in
997 2942 1034 3000 iis
1052 2940 1157 3000 luliani
1179 2940 1276 3020 libris,
1300 2945 1356 3022 qui

202 3046 357 3107 [tridecimo
379 3045 453 3105 libro
473 3063 537 3123 sqq.
562 3045 775 3113 refutabantur.
812 3045 845 3104 lu
867 3047 902 3105 iis
922 3048 1000 3106 enim
1018 3066 1096 3125 quae
1116 3047 1219 3107 decem
1242 3050 1354 3125 priori·

202 3153 257 3213 bus
282 3152 366 3212 libris
391 3151 517 3230 Cyrillus
541 3152 720 3229 redarguere
745 3150 890 3230 studebat,
910 3171 947 3211 ne
971 3155 1104 3230 potuisse
1124 3152 1244 3232 quidem
1263 3152 1353 3216 lulia-

201 3279 271 3319 uuur
295 3259 386 3319 mtrlta
410 3259 446 3317 de
467 3257 583 3318 Christo
608 3257 697 3316 verba
722 3258 817 3317 lacere
843 3277 877 3317 ex
903 3260 939 3318 iis
958 3278 1032 3336 quae
1052 3259 1088 3319 de
1108 3261 1207 3338 operis
1226 3258 1354 3323 lulianei

201 3365 324 3426 consilio
348 3367 489 3425 contiuuo
513 3363 736 3442 disputabimus
753 3363 914 3442 apparebit.

290 3474 330 3531 Ac
350 3480 497 3531 servatum
518 3489 584 3532 esse
603 3474 698 3550 prime
718 3470 818 3549 llyrilli
837 3470 946 3530 decade
966 3473 1096 3550 primum
1115 3471 1218 3533 luliani
1236 3473 1354 3538 librum

202 3580 384 3656 arpennum
402 3578 449 3636 his
464 3571 669 3659 ostenditur.¹)
698 3577 933 3637 Praemittuntur
948 3579 1043 3656 primo
1059 3578 1164 3639 loliani
1182 3580 1353 3659 fragmento

201 3687 273 3745 haee
298 3684 398 3763 Cyrilli
421 3704 448 3763 p.
466 3681 556 3745 snt:
586 3680 715 3760 ἄρχεται
742 3680 851 3745 τοίνυν
875 3686 932 3745 τοῦ
960 3680 1034 3747 καθ’
1055 3684 1146 3761 ἡμῶν
1174 3683 1276 3760 λόγου
1300 3686 1355 3750 καί

201 3810 284 3869 φηςι.
317 3791 419 3873 Neque
439 3793 589 3852 iuvenitur
608 3792 637 3850 in
657 3793 693 3851 iis
711 3808 785 3869 quae
806 3800 920 3850 serrata
939 3801 1055 3852 exstant
1073 3793 1246 3872 fragmentis
1266 3793 1356 3856 locus

203 3915 261 3975 quo
285 3898 442 3956 transitum
467 3899 531 3956 lieri
555 3896 734 3956 adulterum
758 3897 866 3957 librum
885 3899 1092 3976 perspiciatur,
1129 3899 1251 3960 decedit
1270 3903 1357 3980 quod

202 4024 229 4082 p.
245 4001 342 4064 26113
367 4002 498 4062 ltrlianus
526 4002 562 4062 ad
587 4021 619 4062 ea
647 4003 774 4064 lectores
798 4005 897 4082 reicit,
925 4007 1054 4082 quaein
1078 4004 1171 4066 altero
1199 4005 1278 4066 libro
1301 4027 1355 4071 ex·

273 4175 299 4242 1)
320 4173 351 4226 Id
371 4174 444 4242 quod
464 4175 539 4228 recte
557 4175 613 4229 iam
632 4173 831 4228 animadvertit
849 4169 936 4230 Ellies
956 4175 1000 4250 Du
1018 4175 1084 4245 Pin,
1102 4176 1231 4232 nouvelle
1246 4177 1354 4234 biblio-

200 4264 305 4332 theque
328 4263 377 4317 des
401 4264 513 4327 auteurs
533 4262 766 4332 eeclesiasiiquee.
788 4268 863 4318 1690,
884 4262 922 4316 lll
942 4269 957 4316 2
976 4283 1003 4333 p.
1020 4271 1084 4318 112:
1110 4265 1147 4319 ‘il
1168 4268 1263 4334 paruit
1281 4264 1355 4337 qu’il

200 4350 246 4404 n'e
264 4350 354 4419 refulsi
379 4368 432 4420 que
458 4369 508 4405 son
527 4351 648 4420 premier
671 4350 766 4416 livre'3
790 4368 880 4418 neque
898 4353 993 4406 tumen
1012 4354 1086 4421 quod
1104 4354 1250 4409 contendit
1268 4342 1355 4429 argu-

202 4439 304 4494 mentis
322 4440 433 4494 firmare
451 4439 566 4496 studuit
