2926 5040
524 320 565 376 De
583 319 685 375 Iuliani
702 318 837 374 librorum
855 320 930 374 fatis.

697 485 749 550 37.

245 602 290 665 Ex
313 605 413 666 loann.
437 603 569 665 Damaso.
591 624 620 685 p.
635 601 708 666 780.
746 600 796 667 Ἐκ
814 606 872 666 τοῦ
895 602 1005 666 αὐτοῦ.

245 709 322 774 Τοῖς
340 709 483 788 ἡγείςθαι
507 712 639 788 λαχοθςι
662 710 713 773 καὶ
736 708 808 774 οἷον
826 710 863 774 ἐν
881 711 965 792 μέςῳ
988 710 1142 788 κειμένοις
1165 710 1216 773 καὶ
1239 712 1305 774 τῶν

155 815 267 881 ἀλλων
291 817 555 896 ἑπιφανεςτέροις
574 816 659 880 πάςά
677 837 746 880 πως
765 815 887 895 ἀνάγκη
910 822 956 900 τῷ
979 821 1035 895 τῆς
1054 816 1186 882 εὐζωίας
1209 836 1304 880 κατα-

153 920 416 1008 φαιδριίνεςθαιῑ)
436 923 545 988 κάλλει
564 923 615 988 καὶ
633 921 815 987 ἀπόλεκτον
833 922 878 987 ῶς
901 921 1027 1001 ἀληθῶς
1045 923 1207 1002 ἑξαςκῆςαι
1228 923 1305 1003 βίον,

95 1018 102 1026 ’
151 1030 234 1094 ὥςτε
258 1031 308 1095 καὶ
327 1030 534 1095 ὑποτύπωςιν
559 1030 676 1094 αὐτοὺς
694 1032 840 1106 γενέςθαι
863 1034 931 1094 τοῖς
950 1029 1014 1094 ὑπὸ
1033 1035 1125 1109 χεῖρα
1142 1033 1306 1109 κειμένοις,

153 1141 299 1216 δρῶντας
314 1138 372 1216 μὲν
386 1137 600 1202 ἐπιδεικτικῶς
619 1140 638 1216 ἢ
654 1136 836 1216 φιλοδόξως
851 1137 956 1216 οὐδὲν,
975 1135 1136 1215 ῶφελείας
1151 1138 1186 1199 δὲ
1202 1136 1304 1219 χάριν,

153 1245 205 1308 καὶ
228 1243 350 1322 ἑτέροις
374 1244 536 1324 πρόφαςιν
561 1244 602 1308 τὰ
624 1242 697 1308 καθ’
720 1243 854 1308 ἑαυτοὺς
878 1248 1034 1308 ποιεῖςθαι
1057 1243 1305 1309 ςπουδάῑοντας.

151 1349 202 1414 ἀεὶ
225 1349 287 1429 γάρ
311 1371 380 1414 πως
408 1353 474 1414 τῶν
497 1351 533 1414 ἐν
562 1351 645 1433 μέςιμ
669 1350 720 1414 καὶ
747 1350 908 1430 ἑπιςήμων
937 1348 956 1412 6
986 1349 1052 1429 βίος
1079 1349 1144 1414 ὑπὸ
1173 1349 1305 1414 πάντων

151 1456 292 1534 κρίνεται
315 1458 366 1521 καὶ
385 1456 592 1536 δοκιμάζεται.
629 1455 689 1520 κᾶν
708 1455 777 1535 ἔχοι
800 1458 837 1521 τὸ
861 1456 1088 1535 ἀνεπίληπτον,
1112 1457 1171 1521 οὐκ
1189 1456 1304 1536 ἀνόνη-

152 1562 213 1627 τόν
236 1564 299 1627 ἐςτι
322 1565 360 1627 τὸ
389 1568 493 1643 χρῆμα
520 1567 588 1628 τοῖς
617 1562 734 1627 εἰδόςιν
758 1562 870 1627 αὐτόν·
899 1563 926 1626 εἰ
955 1564 990 1626 δὲ
1019 1560 1219 1641 ἀποφέροιτο
1246 1569 1305 1627 τοῦ

153 1670 277 1735 εἰκότος
306 1671 357 1734 καὶ
385 1670 547 1735 διαπίπτοι
577 1667 657 1750 πρὸς
685 1670 705 1733 ἃ
735 1672 774 1749 μὴ
808 1671 908 1749 θέμις,
941 1671 981 1734 οὐ
1008 1671 1089 1749 πρὸς
1121 1671 1221 1734 καλὸν
1249 1672 1306 1748 μὲν

153 1777 241 1842 ἔςται
258 1778 326 1860 τιςὶ,
349 1777 430 1855 πρὸς
448 1776 560 1855 Ζημίαν
581 1779 615 1840 δὲ
636 1780 759 1855 μᾶλλον
777 1777 828 1841 καὶ
849 1775 976 1856 βλάβας.
1009 1777 1037 1841 εἰ
1060 1777 1121 1854 γάρ
1140 1777 1198 1840 οὐκ
1217 1775 1307 1841 οἶδεν

152 1883 350 1961 ἀρθοποδεῑν
369 1883 420 1946 καὶ
440 1886 584 1962 διαβιοῦν
603 1882 733 1947 ἀςτείως
752 1882 771 1946 6
790 1884 1005 1962 παιδαγωγὸς,
1030 1884 1108 1947 ποία
1126 1883 1211 1948 έςται
1230 1883 1306 1964 παρ’

152 1989 345 2054 αὐτοῦτοῖς
368 1991 686 2068 παιδαγωγουμένοις
713 1986 907 2075 ὠφέλεια;ί)

244 2098 419 2177 Fragmenta
443 2096 486 2160 36
511 2108 540 2159 et
563 2095 606 2160 37
630 2098 769 2160 videntur
792 2101 885 2160 fuisse
909 2102 940 2160 in
964 2099 1040 2160 libro
1063 2103 1225 2179 prooemio.

704 2255 756 2320 38.

248 2374 293 2434 Ex
316 2370 703 2453 Ιοιιιιιι.1)αιυιιεο.ρ,782.
740 2371 806 2435 Τοῦ
826 2370 918 2447 ἁγίου
939 2371 1106 2451 Κυρίλλου,
1130 2374 1165 2436 ἐκ
1188 2377 1246 2437 τοῦ
1271 2370 1307 2441 ιζ’

154 2475 298 2563 <τῶν>3>
323 2479 403 2542 κατὰ
426 2476 608 2542 Ἰουλιανοθ.

197 2632 200 2637 -
248 2583 344 2663 Ἀρχὴ
372 2585 423 2648 καὶ
451 2583 520 2662 ῥίζα
544 2585 596 2649 καὶ
624 2584 696 2649 οἷον
720 2586 805 2663 πηγὴ
829 2586 880 2648 καὶ
907 2586 1052 2664 γέννηςις
1080 2589 1146 2651 τῶν
1174 2588 1211 2652 έν
1233 2589 1308 2668 ἡμῖν

154 2693 220 2756 ἐςτι
243 2694 357 2756 παθῶν
380 2691 399 2769 ἡ
419 2692 500 2770 πρὸς
520 2690 631 2755 κακίαν
650 2689 762 2769 ὄρεξις,
785 2689 837 2755 ἐπ’
855 2692 965 2756 αὐτοῖς
989 2696 1130 2758 καλοῦςα
1152 2695 1210 2759 τὸν
1229 2700 1308 2759 νοῦν

154 2800 208 2863 καὶ
226 2799 508 2877 καταγοητεύουςα
526 2799 584 2876 μὲν
603 2798 640 2861 ἐν
660 2796 781 2876 ἀρχαῖς,
804 2800 971 2878 βιαζομένη
996 2801 1097 2863 δὲκαὶ
1116 2802 1194 2880 μετὰ
1212 2807 1313 2888 τοῦτο

155 2905 210 2969 καὶ
232 2904 445 2969 καταςείουςα
461 2905 512 2968 καὶ
543 2902 730 2983 ἀβουλήτως
754 2902 820 2968 έςθ’
844 2903 907 2968 ὅτε.
944 2910 1069 2969 καπνοῦ
1092 2907 1153 2986 γάρ
1178 2908 1266 2987 δίκην
1289 2912 1308 2989 ἢ

155 3012 266 3090 ὥςπερ
290 3013 374 3076 τινὲς
397 3011 489 3089 ἀτμοὶ
511 3014 577 3074 τῶν
608 3011 762 3089 ἐμφύτων
784 3011 913 3089 ἡδονῶν
937 3010 1115 3090 ἀνίςχουςιν
1144 3015 1180 3078 ἐν
1202 3011 1309 3100 ἡμῖνί)

155 3115 283 3203 κακαὶῧ)
313 3118 440 3196 ὀρέξεις.
484 3116 556 3182 ἀλλ’
583 3116 602 3180 6
635 3118 692 3196 μὲν
721 3117 861 3195 ςώφρων
893 3118 1056 3183 νεανίςκος
1089 3121 1214 3203 ἐπιτιμᾷ
1242 3125 1309 3185 τοῖς

154 3227 301 3305 κινήμαςι
331 3226 383 3289 καὶ
410 3225 587 3302 περαιτέρω
616 3226 788 3301 προελθεῖν
821 3223 879 3288 οὐκ
902 3225 952 3307 ἑᾷ·
982 3223 1066 3309 616⁶)
1094 3227 1145 3290 καὶ
1173 3225 1310 3305 ἀδρανὲς

154 3334 198 3397 ὂν
217 3331 264 3396 ἔτι
287 3331 325 3395 τὸ
348 3330 451 3394 πάθος
469 3331 598 3409 ἥττηται
617 3329 744 3412 ῥᾳδίως.
781 3329 800 3392 6
824 3332 859 3395 δέ
878 3351 916 3407 γε
937 3330 1076 3414 ῥᾴθυμος
1099 3333 1151 3396 καὶ
1174 3353 1307 3411 κατημε-

156 3440 297 3518 λημένος
326 3437 498 3515 εἰςδέχεται
520 3437 577 3500 τὰς
600 3440 666 3500 τῶν
689 3437 818 3515 ἡδονῶν
847 3435 947 3515 ἀρχάς
971 3436 1015 3500 ῶς
1036 3438 1164 3502 ἐννοίας
1187 3438 1233 3503 ἔτι
1257 3460 1309 3517 ψι-

132 3529 227 3623 λὰς,
251 3544 425 3621 ἑπιτρέφας
445 3543 480 3606 δὲ
500 3545 672 3620 προελθεῖν
696 3542 741 3607 εἰς
760 3541 890 3622 πλάτος,
918 3544 1167 3624 δυςχερεςτάτην
1186 3545 1309 3625 εὑρήςει

157 3653 219 3729 τὴν
238 3648 422 3714 ἀντίςταςιν.
455 3647 474 3711 6
493 3648 554 3727 γάρ
569 3651 733 3728 προαλοὺς
752 3650 803 3713 καὶ
817 3653 1056 3729 προηττημένος
1075 3651 1199 3715 αὐτῶν
1219 3650 1309 3715 ἰδίων

159 3757 225 3821 ἐςτὶ
256 3755 444 3835 θελημάτων
476 3755 523 3820 ἔτι
559 3756 679 3834 κύριος·
712 3755 910 3820 ὑποκείςεται
943 3759 978 3820 δὲ
1012 3761 1135 3836 μάλλον
1167 3758 1309 3835 καθάπερ

168 3873 379 3881 -.-----

234 3916 261 3983 1)
280 3913 547 3982 καταφραιδύνεςθαι
566 3911 699 3981 Lequien.

232 4008 261 4072 2)
279 4009 345 4056 ποῖα
356 4033 387 4041 -
400 4000 522 4070 ὠφελεία
537 4002 596 4056 eod.
616 4002 742 4070 Lequien
756 4017 853 4055 vocem
864 4002 987 4070 ὠφέλεια
1002 4019 1017 4056 e
1030 4005 1109 4057 textu
1120 4002 1210 4070 eiecit,
1225 4020 1308 4072 quam

166 4092 336 4146 retinendam
356 4108 415 4146 esse
434 4093 535 4157 statuo,
555 4092 603 4145 sed
621 4106 719 4144 vocem
737 4097 804 4144 ποῖα
822 4092 985 4145 muiandam
1005 4092 1033 4145 in
1051 4092 1127 4147 ποία.

233 4183 260 4248 3)
278 4186 337 4235 τῶν
355 4180 455 4236 adieci.

232 4272 260 4336 4)
280 4270 310 4322 ἐν
328 4271 392 4336 ὑμῖν
410 4271 543 4338 Lequien.
563 4271 593 4323 ἐν
611 4273 676 4336 ἡμῖν
696 4269 803 4338 scripsi.

234 4361 260 4428 δ)
280 4362 360 4413 κακαί
380 4359 485 4429 scripsi.
504 4360 555 4413 τάς
573 4360 705 4427 Lequien.

234 4452 262 4518 β)
282 4449 324 4502 διὸ
344 4448 450 4518 scripsi.
470 4450 486 4501 6
505 4447 635 4517 Lequien.

219 4547 325 4588 Iulianus
337 4548 372 4590 ed.
384 4546 515 4590 Heumann.
