2926 5040
464 321 506 375 De
526 320 627 377 iuliani
645 323 780 378 librorum
798 321 871 376 latis.
1206 324 1247 386 15

93 485 201 546 Niceni
209 479 233 569 ¹)
264 487 419 548 conlectus
451 487 588 548 mandato
611 489 843 550 clarissimorum
868 488 1029 549 Doctorum
1054 488 1246 550 llominorum

96 593 264 655 Sebastiani
286 593 456 676 Foscareni,
478 595 570 658 Marci
593 597 713 658 Antonii
734 596 861 678 Venerii,
884 605 915 656 ct
937 596 1049 656 Nicolai
1073 596 1118 656 de'
1141 594 1245 656 Ponte'

96 701 241 762 Gimnasii
263 701 507 784 reformatorum,
535 711 569 764 ut
597 713 718 765 senatus
742 703 911 765 consultum
934 721 950 762 a
973 700 1024 760 XV
1043 703 1249 784 virisglaetnm

93 812 186 872 tertio
210 810 347 871 calendas
371 808 501 888 januarii
525 821 776 892 exsequerentur,
805 811 910 871 ordine
938 810 1091 871 literarum
1121 818 1247 869 servato.

93 917 134 978 M.
149 918 181 978 h.
196 911 332 999 XLV²).“
359 916 392 978 ln
407 937 467 998 quo
481 922 521 979 ita
536 921 634 998 agitur
655 919 692 979 de
706 918 833 979 Macerio
847 917 996 996 Magnete:
1015 912 1071 977 ‘14
1079 917 1112 977 A.
1133 914 1252 993 Magne·

98 1026 139 1084 tis
162 1035 265 1086 contra
289 1025 416 1109 Grqcos,
443 1028 507 1086 sine
536 1025 644 1087 tabulis
667 1028 698 1086 in
726 1044 845 1105 papyro.
874 1019 916 1085 n⁰.
940 1019 1025 1085 625’.
1065 1023 1136 1084 Fuit
1157 1025 1249 1101 igitur

97 1131 229 1194 Venetus
248 1133 340 1193 codex
360 1133 535 1194 chartaceus
554 1152 651 1213 neque
670 1132 699 1192 id
719 1132 842 1193 dubium
862 1151 928 1192 esse
947 1139 1054 1211 potest,
1072 1132 1145 1209 quin
1165 1131 1251 1189 initio

96 1239 190 1300 luerit
208 1249 238 1300 et
256 1241 314 1301 fine
334 1241 466 1322 mutilus,
485 1260 553 1302 cunr
574 1240 741 1301 tabularum
755 1242 887 1301 caruerit
905 1247 1087 1318 tegumento.
1112 1237 1251 1298 Fortasse

95 1347 135 1406 ad
153 1355 270 1407 certum
293 1348 383 1408 linem
405 1348 530 1426 perduci
552 1356 652 1427 potest
671 1349 805 1426 quaestio
824 1347 926 1407 codice
945 1346 1119 1407 Atheniensi
1141 1346 1252 1405 iterum

99 1455 246 1535 inspecto,
261 1456 291 1514 in
300 1455 366 1534 'quo
380 1453 579 1534 complurium
593 1456 786 1515 inveniuntur
800 1453 990 1515 librariorum
1004 1471 1118 1513 manne.
1142 1452 1250 1513 Notum

96 1569 199 1621 autem
221 1570 269 1633 est
290 1560 438 1641 permulta
461 1560 667 1622 Bessarionem
691 1563 721 1620 in
746 1559 898 1621 codicibus
922 1563 985 1621 suis
1007 1561 1174 1642 adnotasse,
1198 1578 1248 1620 no·

96 1668 248 1728 tissimum
276 1669 423 1729 minutum
453 1670 547 1747 ipsius
576 1676 606 1727 et
634 1666 752 1727 dilllcile
780 1667 860 1729 lectu
888 1667 1131 1748 chirographum3
1161 1677 1250 1747 atque

97 1776 166 1835 eius
189 1775 315 1835 sortasse
339 1783 458 1836 exstant
481 1774 614 1853 exenrpla
638 1777 668 1834 in
692 1773 793 1834 codice
818 1793 897 1834 nuno
922 1775 1103 1835 Atheniensi.

190 1881 344 1952 Quomodo
367 1891 467 1943 autem
491 1883 658 1968 ,inscriptus
682 1891 762 1942 esset
784 1881 913 1962 blacarii⁶
927 1882 1070 1960 Magnetis
1092 1882 1168 1943 hher
1192 1867 1265 1942 non'

96 1996 182 2049 recte
206 1988 375 2068 explorasse
403 1989 521 2049 videtur
548 1988 620 2049 mihi
643 1987 767 2049 Carolus
790 1988 926 2069 blondel,
954 2007 971 2049 a
1000 2008 1059 2068 quo
1082 1989 1203 2050 Parisiis
1226 2008 1251 2050 a.

102 2091 190 2156 1876
219 2094 317 2156 editus
339 2104 386 2155 est
409 2092 576 2171 Μαιαρίου
601 2091 774 2171 Μάγνητος
797 2091 999 2171 ἀποκριτικὰς
1021 2095 1041 2171 ἢ
1066 2096 1251 2173 μονογενής.

97 2202 205 2281 Neque
221 2201 317 2263 haesit
334 2205 365 2262 in
384 2204 579 2283 inscriptione
593 2202 625 2263 L.
641 2203 807 2264 Duchesne.
839 2202 1035 2264 Inveniuntur
1049 2212 1148 2263 autem
1164 2203 1252 2263 verba

98 2310 176 2370 haec
202 2308 278 2370 libro
307 2312 395 2371 tertio
422 2317 453 2371 et
480 2319 586 2389 quarto
614 2313 790 2392 praemissa,
823 2309 931 2389 quihus
962 2311 1053 2369 totius
1080 2311 1181 2388 operis
1207 2312 1250 2369 in·

99 2408 295 2495 scriptionem
313 2417 462 2477 contineri
480 2416 553 2476 dicit
570 2415 750 2477 Blondelius.
787 2419 862 2477 Ante
881 2417 1003 2477 tertium
1026 2417 1118 2492 igitur
1141 2415 1252 2475 librum

98 2524 198 2603 posita
216 2533 287 2584 sunt
304 2523 391 2585 haec:
410 2520 576 2598 Μακαρίου
597 2519 770 2599 Μάγνητος
789 2518 1003 2598 Ἀποκριτικὸς
1021 2521 1041 2597 ἢ
1062 2520 1252 2597 Μονογενὴς

99 2625 185 2704 πρὸς
206 2625 363 2704 Ἕλληνας
386 2627 460 2704 περὶ
481 2630 549 2690 τῶν
577 2627 614 2691 ἐν
636 2631 683 2710 τῷ
706 2626 890 2709 Εὐαγγελίῳ
913 2624 1100 2705 ζητημάτων
1123 2625 1174 2689 καὶ
1197 2625 1251 2688 λύ-

100 2752 201 2817 ςεων;
223 2744 330 2815 quarto
352 2739 585 2816 praemittuntur
607 2736 695 2797 haec:
719 2733 887 2811 Μακαρίου
912 2731 1085 2810 Μάγνητος
1108 2731 1252 2810 Ἀποκρι-

97 2840 188 2904 τικὸς
209 2843 229 2919 ἢ
254 2842 445 2921 Μονογενὴς
472 2842 553 2920 πρὸς
575 2841 732 2919 Ἕλληνας
760 2842 832 2919 περὶ
859 2843 926 2903 τῶν
953 2838 1188 2918 ἀπορουμένων
1215 2840 1252 2904 ἐν

97 2952 140 3031 τῇ
166 2948 262 3033 Καινῇ
280 2949 425 3032 Διαθήκῃ
444 2947 632 3027 ζητημάτων
654 2949 705 3013 καὶ
725 2949 856 3012 λύςεων.
899 2950 975 3022 Quid
994 2959 1094 3010 autem
1115 2948 1172 3010 sihi
1190 2950 1253 3011 vult

101 3055 294 3134 Μονογενὴς
316 3056 397 3134 πρὸς
419 3055 598 3136 Ἕλληναςῖ
638 3058 719 3120 Luce
743 3059 852 3119 clarius
875 3064 921 3117 est
944 3056 1162 3135 transponenda
1186 3074 1252 3116 esse

100 3162 193 3224 verba
220 3174 251 3226 et
277 3164 483 3227 scribendum:
523 3164 564 3227 Μ.
593 3164 634 3227 Μ.
664 3163 855 3241 Μονογενὴς
881 3163 901 3239 ἢ
930 3158 1144 3236 Ἀποιιριτικὸς
1172 3159 1253 3236 πρός

99 3266 267 3348 Ἕλληνας.
309 3272 391 3343 Quae
419 3273 585 3333 emendatio
612 3272 678 3332 aliis
706 3274 795 3332 etiam
823 3269 1034 3349 comprobatur
1061 3270 1252 3347 argumentis.

102 3375 259 3456 leguntur
282 3380 361 3439 enim
380 3380 468 3439 etiam
492 3379 565 3439 baec
584 3387 651 3439 ante
675 3381 798 3440 tertium
821 3378 945 3439 librum:
967 3373 1051 3437 Τάδε
1072 3371 1193 3437 ἔνεςτιν
1216 3373 1252 3436 ἐν

100 3485 150 3565 τῷ
177 3481 274 3566 τρίτῳ
300 3482 407 3560 τεύχει
433 3485 501 3546 τῶν
528 3481 740 3561 ἀποκριτικῶν
775 3484 856 3561 πρὸς
883 3483 1040 3559 Ἕλληνας
1068 3478 1190 3563 λόγων;
1222 3491 1253 3542 et

103 3598 175 3651 aute
204 3600 356 3671 quartum:
388 3588 472 3652 Τάδε
495 3591 636 3667 περιέχει
658 3590 678 3667 ἡ
701 3588 835 3667 τετάρτη
861 3589 968 3668 βίβλοι
990 3590 1057 3651 τῶν
1080 3584 1253 3663 Ἀποκριτι-
1280 3646 1285 3656 ,

103 3695 173 3759 κῶν
196 3694 277 3773 πρὸς
298 3694 456 3775 Ἕλληνας
479 3694 595 3774 λόγων.
636 3697 674 3759 Et
696 3700 760 3778 ipse
784 3698 940 3759 Duchesne
962 3717 991 3776 p.
1015 3694 1035 3757 6
1058 3698 1089 3756 in
1112 3704 1253 3775 quattuor

105 3803 261 3867 codicibus
282 3804 439 3887 Parisinis,
467 3806 499 3866 in
522 3804 632 3885 quihus
655 3812 751 3865 exstat
773 3803 891 3865 loannis
909 3802 1086 3864 Antiocheni
1109 3805 1254 3884 synopsis,

104 3913 148 3972 ita
170 3911 272 3971 induci
289 3911 363 3973 dicit
384 3911 582 3992 fragmentum
599 3911 812 3972 Macarianum:
841 3906 1008 3985 Μακαρίοο
1028 3905 1199 3985 Μάγνητος
1218 3906 1254 3970 ἐκ

180 4177 208 4244 1)
226 4176 246 4231 l.
265 4192 289 4230 e.
308 4173 486 4229 Bessarionis.

179 4268 207 4332 2)
226 4263 315 4317 Huius
333 4263 434 4318 indicis
452 4263 645 4332 apographum
661 4277 719 4314 esse
740 4259 808 4312 rnihi
822 4259 931 4312 videtur
944 4258 1028 4312 index
1042 4275 1125 4327 quem
1140 4259 1256 4313 exhibet

106 4351 196 4408 codex
212 4351 281 4406 bibl.
300 4350 478 4406 Colbertinoe
497 4355 580 4416 2145,
603 4366 687 4419 quem
710 4347 817 4418 publici
839 4347 906 4401 iuris
929 4346 997 4401 lecit
1018 4345 1253 4401 Montelalconius

106 4441 176 4496 bibL
195 4440 324 4496 biblioth.
345 4442 354 4495 l
374 4447 424 4496 467
437 4460 496 4509 sqq.
