2926 5040
478 331 520 386 De
538 329 640 386 Iuliani
657 329 793 387 librorum
812 330 887 387 fetis.

546 515 596 576 Ex
618 515 697 576 libro
720 515 815 577 XIII.

654 672 704 736 13.

193 798 367 861 oecumenii
381 808 411 861 et
425 799 553 861 Arethae
572 818 677 861 comm.
692 802 724 860 in
738 800 926 881 apocalypsin
940 800 990 861 VII
1005 798 1101 863 4-8.
1130 801 1256 863 Catenae

101 878 420 988 Graecorum'patrum
438 909 470 968 in
488 906 603 968 Novum
622 907 844 969 Testamentum
864 907 909 968 ed.
929 907 1058 968 Cramer.
1078 907 1171 969 Οιιοιι.
1186 916 1255 970 tom.

100 1014 174 1075 VIII.
198 1035 226 1095 p.
246 1012 320 1095 287,
341 1012 440 1093 sssqq.
470 1010 569 1075 184οζ
609 1010 681 1076 ’Ότι
709 1013 744 1076 δέ
774 1012 824 1076 καὶ
857 1009 991 1091 ἀριθμοῦ
1019 1012 1197 1092 κρείττονε(
1225 1013 1256 1077 οἱ

101 1120 310 1185 διααωθέντεε
334 1122 444 1198 δῆλον.
480 1117 520 1181 οὐ
539 1116 641 1196 μόνον
663 1119 725 1197 γὰρ
749 1119 780 1183 οἱ
799 1119 901 1184 πιετοῖ
921 1119 1078 1197 διέφυγον
1101 1120 1159 1184 τὸν
1182 1118 1254 1184 ὄλε-

101 1233 181 1305 θρον
200 1226 259 1289 τὸν
282 1225 346 1289 ὑπὸ
365 1225 540 1304 Ῥωμαίων,
565 1223 717 1289 ἀλλὰκαὶ
741 1225 771 1290 οἱ
790 1227 826 1291 ἐν
846 1225 961 1309 ἀγνοίᾳ
984 1231 1030 1310 τῷ
1050 1231 1173 1311 εταυρῷ
1197 1231 1255 1291 τοῦ

103 1332 213 1412 κυρίου
233 1331 472 1411 ευνηργηκότεε,
492 1331 564 1411 περὶ
584 1329 630 1396 ὧν
646 1332 698 1396 καὶ
717 1331 736 1395 6
757 1333 887 1412 Χριετόε
902 1333 995 1410 ἔλεγε
1016 1330 1100 1420 (Luc.
1115 1334 1167 1418 23,
1183 1335 1255 1421 34)·

101 1440 212 1519 πάτερ,
238 1437 321 1519 ἄφεε
340 1439 459 1518 αὐτοῖς,
478 1439 517 1504 οὐ
536 1439 597 1518 γὰρ
614 1436 731 1519 δίδου,
754 1439 784 1503 τί
802 1445 955 1504 ποιοῖιειν.
994 1440 1022 1505 εἰ
1040 1441 1092 1505 καὶ
1112 1442 1254 1526 Κυρίλλῳ

99 1553 146 1632 τῷ
161 1545 363 1626 Ἀλεξανδρεῖ
382 1547 419 1611 ἐν
434 1543 473 1622 ιγ’
493 1550 559 1611 τῶν
572 1546 653 1610 κατὰ
667 1545 841 1612 Ἰουλιανοῦ
857 1544 1036 1632 ἐλέγχωνῑ)
1054 1549 1136 1627 πρὸ(
1156 1548 1255 1614 νόθον

100 1660 197 1723 τοῦτο
221 1655 259 1719 τὸ
288 1653 386 1733 ῥητὸν
414 1651 527 1719 ἔδοξεν
550 1652 808 1734 ἀποεκυβαλίεαι·
836 1652 911 1717 ἀλλ’
934 1654 962 1719 εἰ
991 1656 1113 1720 ἐκεῖνο(
1142 1655 1254 1734 οὕτως,

100 1765 175 1843 ἡμῖν
198 1762 237 1827 οὐ
260 1764 357 1826 τοῦτο
381 1763 480 1825 δοκεῖ.

651 1886 700 1949 14.

192 2015 300 2076 Cetera
323 2013 505 2075 Graecorum
529 2022 647 2094 patrum
671 2015 702 2074 in
725 2013 908 2094 evangelium
934 2015 1097 2076 secundum
1121 2015 1254 2076 Marcum

99 2123 258 2185 collectore
277 2129 366 2201 atque
385 2123 549 2200 interprete
569 2120 657 2181 Petro
677 2120 809 2181 Possino.
833 2121 942 2181 Romae
960 2118 1055 2182 1673.
1073 2121 1120 2182 Iol.
1135 2141 1164 2202 p.
1178 2119 1252 2187 343.

100 2226 171 2293 (Καὶ
192 2226 320 2292 ἐδίδουν
340 2224 427 2309 αὐτῷ
452 2230 537 2290 πιεῖν
556 2226 800 2304 ἐεμυρνιεμένον
820 2223 929 2289 οἶνον’
948 2220 1051 2311 (Marc.
1070 2224 1119 2310 15,
1134 2222 1202 2310 23).
1232 2227 1251 2304 ἡ

66 2413 69 2417 ¹
99 2333 221 2414 εμύρνα
242 2332 414 2413 πικροτὰτη
443 2333 507 2397 {cri
530 2333 610 2396 κατὰ
638 2333 696 2411 τὴν
719 2336 833 2408 γεῡειν.
876 2328 929 2416 6²)
952 2331 1011 2396 οὖν
1035 2329 1133 2396 ἄλλο(
1157 2331 1251 2409 εὐαγ-

99 2441 243 2520 γελιετὴ(
258 2439 349 2505 εἶπεν
364 2438 456 2504 οἶνον
470 2439 548 2519 μετὰ
562 2443 661 2519 χολῆε
675 2435 791 2523 (Metth.
801 2439 853 2522 27,
864 2434 932 2523 34),
945 2437 1040 2503 οὗτοι
1055 2437 1145 2504 εἶπεν
1160 2437 1251 2504 οἶνον

100 2547 353 2631 ἐεμυρνιεμένον.
394 2545 498 2611 οὕτω(
526 2545 545 2609 δ
574 2546 726 2625 Κύριλλοε
750 2546 786 2610 ἐν
813 2542 912 2628 τῶνί)
940 2545 1021 2610 κατὰ
1043 2543 1251 2631 Ἰουλιανοῦ4)

98 2653 265 2737 κεφαλαίῳ
289 2649 339 2731 ιγ’.

568 2778 781 2787 --——-——-—-—

539 2906 590 2965 Ex
612 2907 691 2966 libro
715 2905 768 2965 XI
773 2905 803 2966 V.

648 3060 698 3126 15.
767 3102 769 3106 -

187 3189 232 3251 Ex
261 3190 364 3251 Leont.
392 3199 422 3251 et
444 3191 543 3251 Ioann.
573 3210 601 3271 p.
625 3187 677 3252 98.
719 3184 770 3252 Ἐκ
797 3190 855 3251 τοῦ
880 3181 919 3250 ιδ’
949 3186 1049 3263 λόγου
1076 3190 1143 3251 τῶν
1171 3186 1251 3251 κατὰ

94 3292 282 3360 Ἰουλιανοῦ.

187 3400 254 3465 Τὸν
285 3403 381 3465 τοῖνδε
413 3405 471 3465 τοῦ
501 3400 570 3481 βίου
603 3399 794 3480 ἀναφυρμόν
825 3399 877 3463 καί
909 3400 967 3478 τὴν
995 3399 1031 3463 ἐν
1064 3400 1151 3484 αὐτῷ
1183 3404 1249 3465 τῶν

93 3505 296 3587 πραγμάτων
319 3508 435 3587 πικρὰν
458 3505 610 3586 ἀνάχυειν
638 3505 880 3586 καταεημαίνων
907 3504 1038 3570 ἀετείωε
1062 3506 1081 3570 δ
1104 3509 1249 3592 μελῳδὸς

92 3614 191 3694 εαὕτη
215 3614 235 3694 ἡ
258 3612 409 3680 θάλαεεα’
434 3613 498 3695 ἔφη
522 3612 552 3694 ’ἡ
577 3613 701 3703 μεγάλη,
722 3615 773 3678 καὶ
797 3612 994 3693 εὐρύχωροε’
1013 3609 1248 3701 (Ps,103‚25).
1364 3654 1367 3666 ·

646 3793 696 3857 16.

186 3919 231 3981 Ex
250 3919 352 3981 Leorrt.
371 3928 402 3981 et
419 3921 519 3982 Ioann.
537 3940 565 4001 p.
582 3918 655 3981 102.
687 3915 738 3982 Ἐκ
751 3920 809 3982 τοῦ
827 3912 865 3981 ιδ’
885 3921 952 3982 τῶν
971 3919 1051 3982 κατὰ
1065 3917 1247 3984 Ἰουλιανοῡ.

188 4023 427 4089 (κοτεινοίπιιια
437 4023 558 4102 καὶούχ
568 4022 683 4088 ἅπαειν
693 4025 840 4103 ἐναργεῖς
850 4024 881 4088 οἱ
893 4028 1012 4104 δριμεῑε
1022 4023 1067 4088 εἰ(
1080 4022 1247 4102 (ωτηρίαν.

86 4149 312 4163 -—-—-·-—

169 4199 199 4268 1)
217 4199 340 4266 ἐλέγχων
358 4197 464 4268 scripsi.
484 4199 587 4268 ἐλέγχῳ
607 4198 727 4253 Cramer.

172 4291 202 4358 2)
220 4288 237 4342 δ
256 4286 361 4358 scripsi.
380 4288 396 4342 6
414 4287 553 4342 Possinus.

60 4438 69 4447 ,
168 4377 198 4446 3)
216 4381 275 4432 τιῖιν
294 4373 401 4445 scripsi.
420 4382 479 4430 τοῖε
495 4375 636 4432 Poeninus.

168 4467 198 4535 4)
216 4467 365 4521 Ἰουλιανοῠ
384 4464 491 4536 scripsi.
511 4466 658 4520 Ἰουλιανδν
675 4466 816 4522 Possinus.
