2926 5040
418 255 434 281 ⁴

437 319 532 370 πλπι
550 318 772 372 ιςΡιαπιλπςιιι
789 318 914 371 noros
933 317 964 371 A.
1206 317 1271 382 205

127 483 222 560 λέγει,
248 479 420 562 βλάπτεται
449 482 507 561 μὲν
530 480 628 547 οὐδὲν
651 480 670 545 δ
693 481 968 562 προςφερόμενος,
996 483 1015 562 ἡ
1039 483 1076 546 δὲ
1099 478 1398 585 cuvettuc1c⁰ssjffff

125 593 184 653 τοῦ
210 590 386 669 βλέποντος
410 588 556 668 ἀδελφοῦ
580 589 815 668 ςκανδαλιςθείη
841 589 880 655 ἂν
903 587 977 655 καθ’
998 588 1088 670 ὑμᾶς,
1112 587 1138 652 ὠ
1163 589 1270 670 ςοφώ-

125 716 215 760 τατοι
237 733 272 742 ——
297 695 437 777 γφάναι.
480 697 590 769 διὰδὲ
613 700 680 761 τῶν
708 695 900 776 μαθημάτων
923 696 1049 761 τούτων
1072 695 1190 777 ἀπέςτη
1213 704 1270 778 τῆς

64 801 298 882 θθάθεότητος
324 806 328 881 Ι
354 807 419 868 πᾶν
446 801 494 868 ότι
519 824 579 883 περ
604 801 682 883 παρ’
705 802 779 882 ὑμῖν
806 804 826 882 ἡ
855 803 947 882 φὺςις
969 804 1083 883 ἤνεγκε
1109 809 1269 881 γενναῖον.

126 909 192 995 ὅτῳ
215 910 275 975 οὑν
302 910 440 990 ὑπῆρξεν
464 909 599 994 εὐφυΐας
626 910 685 976 κάν
713 911 823 991 μικρὸν
851 909 976 990 μόριον,
1003 911 1109 995 τούτῳ
1138 910 1269 991 τάχιςτα
1296 926 1312 974 5

126 1019 239 1098 ςυνέβη
263 1023 319 1097 τῆς
342 1017 422 1097 παρ’
445 1017 518 1098 ὑμῖν
548 1017 722 1099 ἀθεότητος
745 1018 929 1097 ἀποςτῆναι.
961 1020 1094 1099 Ιβέλτιον
1125 1019 1184 1085 οὖν
1208 1019 1270 1100 εἴρ-

125 1144 194 1200 γειν
219 1123 425 1204 μαθημάτων,
449 1124 509 1204 οὐχ
532 1125 658 1204 ἱερείων
685 1127 761 1190 τοὺς
784 1123 984 1204 ἀνθρώπους.
1026 1124 1102 1191 ἀλλ’
1128 1125 1193 1193 ἴςτε
1221 1129 1272 1192 καὶ

125 1230 227 1311 ὑμεῖς,
255 1230 300 1295 ὡς
328 1232 399 1311 ἐμοὶ
432 1232 594 1312 φαίνεται,
622 1233 660 1296 τὸ
688 1231 848 1312 διάφορον
877 1232 922 1297 εἰς
950 1233 1072 1298 ςύνεςιν
1098 1238 1165 1299 τῶν
1193 1233 1273 1313 παρ’

126 1338 199 1418 ὑμῖν
222 1339 382 1421 <γραφῶν
404 1342 485 1419 πρὸς
508 1341 565 1404 τὰς
587 1341 742 1420 ἡμετέρας
765 1340 875 1420 κακὸν,
902 1342 953 1405 καὶ
976 1340 1021 1405 ὡς
1044 1343 1079 1406 ἐκ
1102 1345 1169 1407 τῶν
1193 1340 1272 1421 παρ’

126 1446 228 1531 ὑμῖν>Ι
243 1446 349 1512 οὐδεὶς
373 1447 413 1513 ἂν
435 1450 563 1525 γένοιτο
586 1454 737 1525 γενναῖος
758 1447 848 1528 ἀνὴρ,
871 1452 995 1528 μᾶλλον
1018 1451 1053 1513 δὲ
1078 1449 1315 1514 noiomo-10

126 1555 194 1634 κὴς,
223 1555 259 1618 ἐκ
282 1556 317 1619 δὲ
340 1558 407 1619 τῶν
430 1553 509 1634 παρ’
532 1556 607 1634 ἡμῖν
634 1556 731 1620 αὐτὸς
759 1555 859 1620 αὑτοῦ
888 1559 950 1620 πᾶς
979 1556 1018 1620 ἂν
1045 1557 1173 1632 γένοιτο
1196 1559 1271 1620 καλ-

63 1659 217 1740 9Ελίων,
242 1660 269 1725 εἰ
292 1661 343 1725 καὶ
366 1660 568 1727 παντάπαςιν
592 1660 697 1741 ἀφυής
716 1681 762 1726 τις
782 1659 839 1740 εἴη.
872 1662 918 1741 φύ
939 1667 943 1742 Ι
965 1683 1044 1726 ςεως
1068 1665 1103 1727 δὲ
1127 1662 1212 1742 ἔχων
1236 1663 1272 1727 εὑ
1319 1654 1321 1659 ’

126 1767 256 1832 καὶτὰς
279 1768 314 1833 ἐκ
341 1769 466 1834 τούτων
497 1769 690 1848 προςλαχὼν
714 1767 859 1833 παιδείας
887 1766 1030 1847 ἀτεχνῶς
1057 1769 1179 1846 γίνεται
1206 1774 1272 1835 τῶν

127 1877 211 1939 θεῶν
238 1879 306 1939 τοῖς
334 1874 516 1955 ἀνθρώποις
550 1879 670 1954 δῶρον,
702 1877 773 1956 ἤτοι
801 1879 873 1954 φῶς
901 1874 1030 1955 ἀνάψας
1057 1878 1225 1957 ἐπιςτήμης
1252 1880 1271 1956 ἢ

127 1981 394 2059 πολιτείαςγένος
467 1985 486 2062 ἢ
502 1981 675 2061 πολεμίους
686 1983 829 2046 πολλοὺς
843 1982 1046 2062 τρεψόμενος
1056 1983 1119 2068 <ἢ>
1129 1986 1178 2049 καὶ
1190 1987 1269 2049 πολ-
1283 1995 1315 2044 15

127 2091 187 2168 λὴν
210 2091 268 2168 μὲν
291 2094 364 2170 γῆν,
392 2091 518 2168 πολλὴν
542 2090 577 2152 δὲ
602 2088 750 2154 ἐπελθὼν
773 2087 933 2154 θάλαςςαν
955 2090 1007 2154 καὶ
1028 2092 1134 2175 τούτῳ
1158 2093 1272 2172 φανεὶς

127 2195 270 2275 ἡρωικός,
300 2201 427 2268 Lacuna,
450 2202 499 2256 ubi
516 2201 629 2257 fuerunt
647 2200 733 2256 etiam
753 2218 787 2256 ea
806 2201 908 2256 Iuliani
925 2202 1024 2268 verba,
1045 2203 1080 2262 de
1101 2203 1200 2275 quibus
1219 2204 1272 2272 Cy-

64 2288 115 2352 3E
126 2299 216 2354 tillus:
236 2300 403 2369 ἐνιςταμένιρ
423 2302 452 2353 δὲ
468 2301 536 2366 μετὰ
549 2305 636 2354 τοῦτο
655 2302 699 2353 καί
713 2304 767 2368 τὴν
781 2299 862 2366 ἁγίαν
880 2302 971 2355 τεκαὶ
986 2300 1171 2354 θεόπνευςτον
1191 2312 1272 2348 κατα-

199 2449 215 2496 2
241 2441 357 2497 dubium
386 2444 480 2496 utrum
504 2442 620 2511 propter
644 2442 753 2496 hiatum
778 2442 956 2498 scribendum
981 2441 1019 2496 sit
1044 2442 1110 2494 καθ’
1139 2441 1211 2506 ὑμᾶς
1238 2437 1272 2490 ἂν

126 2514 328 2581 ςκανθαλιςθείη
351 2529 451 2580 nocne;
476 2513 510 2568 cf.
529 2515 636 2585 proleg.
656 2532 683 2583 p.
705 2519 754 2569 159
789 2517 793 2582 Ι
823 2515 982 2581 ςοφώτατοι
1001 2514 1030 2568 st
1048 2513 1136 2580 φάναι
1154 2511 1196 2578 Μ,
1223 2507 1272 2563 sed

126 2585 199 2640 inter
223 2585 274 2639 has
300 2602 382 2640 voces
408 2601 528 2639 vacuum
553 2584 695 2640 invenitur
713 2584 836 2654 spatium
859 2589 982 2653 tantum,
1006 2586 1141 2652 quantum
1166 2578 1273 2650 expleri

127 2657 218 2726 possit
235 2657 337 2711 niteris
356 2656 385 2710 in
405 2656 546 2727 superiore
570 2656 674 2711 lineola
697 2674 782 2726 supra
809 2657 925 2711 lacunae
953 2655 1076 2727 spatium
1104 2653 1217 2721 scriptis
1236 2668 1274 2706 ςις

126 2733 178 2782 τοὺ
204 2729 353 2794 βλέποντος
375 2728 431 2782 ἀδε.
466 2728 488 2782 O
515 2727 554 2781 nil
580 2727 696 2782 exhibet
717 2729 772 2782 nisi
790 2729 994 2797 sapientissimi.
1032 2725 1159 2780 Vacnum
1186 2725 1273 2779 etiam

127 2800 156 2853 in
179 2800 200 2853 Β
222 2798 364 2854 invonitur
388 2799 524 2868 spatium,
550 2799 599 2854 sed
622 2800 746 2868 Bimg
773 2799 931 2854 adnotavit:
960 2800 1042 2853 οὐδὲν
1070 2797 1163 2852 λείπει.
1209 2794 1272 2864 Ipso

127 2870 304 2925 scribendum
332 2887 392 2925 esse
421 2871 520 2940 opinor
547 2871 705 2938 ςοφώτατοι
733 2873 778 2925 καὶ
805 2872 981 2938 ὑπερήφανοι
1024 2870 1028 2938 Ι
1072 2869 1209 2934 3ἀπέςτη
1229 2867 1271 2921 Μ;

127 2944 239 2996 deterret
254 2943 284 2996 ·0
333 2947 338 3006 ι
387 2948 404 2995 4
436 2942 589 3009 ἀθεότητος
621 2941 806 3011 Spauhemius
837 2943 872 2996 ct
906 2943 1044 3010 impietate
1067 2940 1102 2994 0:
1138 2940 1272 3006 θεότητος

127 3015 156 3066 Μ
190 3015 195 3079 Ι
240 3017 256 3066 ό
278 3015 373 3082 τούτῳ
397 3044 430 3052 -
454 3014 551 3080 ςυνέβη
573 3045 604 3052 -
629 3014 782 3080 άποςτῆναι
805 3015 846 3067 Μ;
872 3015 897 3066 is
917 3043 948 3051 -
969 3012 1114 3079 detineto
1147 3013 1152 3078 Ι
1186 3016 1201 3063 'i
1222 3026 1270 3074 μα-

127 3085 260 3152 θημάτων
286 3085 337 3150 οὑχ
362 3084 469 3152 ἱερείων
491 3085 534 3138 Μ;
560 3103 578 3138 o
598 3085 732 3138 doctrinis
756 3100 813 3139 non
838 3084 965 3138 socrisO
1001 3087 1005 3150 Ι
1043 3088 1059 3137 3
1084 3086 1204 3149 γραφῶν
1226 3097 1270 3133 us-

127 3172 182 3224 que
201 3155 238 3208 ad
255 3157 326 3222 παρ’
344 3157 407 3221 ὑμῖν
427 3154 530 3209 adieci:
555 3157 583 3208 Μ
602 3155 698 3210 omisit
719 3172 810 3223 nequo
832 3158 927 3209 tamon
945 3169 1065 3208 vacuum
1084 3153 1205 3221 spatium
1225 3168 1270 3205 cx·
1358 3204 1365 3222 ,

127 3227 218 3281 hibet:
237 3225 377 3296 integrum
395 3227 488 3280 locum
502 3225 544 3281 ita
557 3226 644 3280 vortit
657 3228 691 3280 0:
711 3228 874 3282 diuersitate
891 3228 923 3280 in
940 3226 1122 3293 intellipentin
1135 3225 1270 3278 dininorn

126 3299 281 3366 scriptino:
304 3314 374 3367 qnae
396 3299 473 3366 opud
495 3314 554 3364 nos,
578 3299 703 3352 collatum
726 3304 761 3353 cn
783 3298 897 3364 nostris,
921 3298 995 3350 maio
1013 3312 1080 3349 esse.-
1107 3296 1220 3349 (inient
1237 3309 1271 3346 cn

126 3369 338 3423 nestrisnnilns
355 3370 387 3436 fit
405 3370 457 3423 etc.
493 3373 497 3432 Ι
532 3375 564 3422 11
584 3371 671 3422 αὑτοῦ
690 3369 826 3439 Mignius:
846 3370 933 3423 αὑτοῦ
953 3369 981 3422 Μ
1020 3371 1024 3434 Ι
1065 3373 1097 3421 13
1121 3368 1271 3434 ἀτεχνῶς

128 3442 206 3494 nst:
226 3439 366 3495 enuntiati
384 3439 552 3496 sententiam
570 3455 626 3493 non
641 3442 785 3495 assecutus
803 3441 845 3494 ita
863 3439 949 3495 vertit
962 3440 997 3492 0:
1016 3437 1184 3492 Hominibus
1198 3439 1270 3491 enim

127 3512 212 3565 siconi
231 3511 302 3566 bonu
320 3512 419 3580 absque
437 3513 524 3566 nnita
537 3512 674 3580 cotinpent
688 3519 755 3578 orte,
774 3513 833 3565 sinc
847 3512 936 3565 inmen
954 3511 1120 3564 accendatur
1132 3509 1270 3576 scientiae,

127 3583 172 3636 nei
189 3584 404 3637 conuersationis
421 3599 507 3652 penus
529 3583 669 3650 άοαιαόαα,
693 3585 737 3638 nei
755 3583 856 3637 mnitoe
872 3583 958 3636 hones
975 3582 1157 3649 repellentur,
1180 3580 1271 3649 <iper

127 3659 217 3708 terras
234 3654 350 3725 inuitaui
368 3655 459 3708 mario
472 3659 636 3724 peropretnr
655 3655 717 3722 (sict
738 3654 827 3709 scribe
842 3654 1026 3722 pecapritnr),
1046 3653 1123 3706 isio
1136 3656 1271 3720 appareat

127 3725 229 3779 heroici
244 3728 249 3792 Ι
267 3730 299 3779 15
313 3725 443 3780 lacunam
458 3727 524 3794 post
536 3726 618 3791 γένος
632 3726 732 3780 statuit
751 3725 890 3779 iubentus
909 3726 938 3779 et
957 3722 1123 3793 explendam
1142 3722 1271 3792 opinatur

129 3812 197 3850 voce
217 3795 338 3864 quadam
356 3797 433 3864 quali
455 3797 618 3865 αἱρούμενος
641 3797 687 3851 uel
706 3797 914 3863 ἐνςτηςάμενος;
937 3797 1066 3850 docentur
1084 3795 1120 3848 0:
1144 3811 1180 3848 an
1199 3795 1270 3861 ὑφη-

127 3869 299 3935 γηςάμενυς3
334 3872 338 3936 Ι
372 3871 474 3936 tanto
493 3871 537 3922 καί
556 3867 647 3924 adieci
680 3871 684 3939 Ι
720 3874 752 3922 16
771 3869 865 3936 τούτῳ
885 3884 918 3922 ex
935 3872 1031 3936 τοθτιμ
1050 3881 1112 3919 corr
1130 3866 1166 3920 Μ.

201 4035 217 4082 θ
237 4028 376 4093 βέλτιον
390 4030 449 4082 οὑν
468 4028 597 4096 εἴργειν
616 4030 693 4082 nrt:
717 4029 812 4094 ἐπειδὴ
832 4028 875 4095 δὲ,
899 4029 994 4095 φηςλν,
1013 4028 1049 4093 ἦν
1068 4027 1181 4092 ἄμεινον
1199 4028 1272 4093 ἡμᾶς

129 4099 301 4166 μαθημάτων
325 4099 425 4167 εἵργειν
449 4100 613 4166 Ἑλληνικῶν
635 4101 702 4154 τοὺς
723 4100 917 4153 πιςτεὺςαντας
935 4101 1023 4164 ἤγουν
1041 4102 1100 4151 τῶν
1119 4097 1271 4163 ἱεροθύτων

129 4171 185 4227 nst.
206 4171 325 4224 23311
361 4171 366 4241 Ι
400 4177 416 4226 8
434 4172 472 4225 τό
492 4171 660 4239 διάφορον
679 4170 726 4224 εἰς
744 4171 874 4223 ςύνεςιν
893 4171 971 4223 nrt:
991 4169 1098 4235 ἀπόχρη
1119 4170 1168 4233 μὲν
1187 4168 1269 4235 οὖνὴ

129 4243 312 4295 θεόπνευςτυς
334 4245 429 4310 γραφη
454 4245 498 4295 καλ
519 4243 590 4310 πρὸς
611 4243 645 4295 τό
664 4244 721 4295 δεῖν
740 4242 884 4307 ἀποφῆναι
901 4240 1024 4309 (scripsi:
1044 4240 1188 4307 ἀποφάναι
1206 4238 1272 4306 ΜΑ)

130 4314 235 4380 ςοφοὺς
260 4315 304 4366 καὶ
330 4314 539 4380 δοκιμωτάτους
563 4316 608 4367 καί
633 4313 830 4380 διαρκεςτάτην
855 4313 972 4378 ἔχοντας
989 4313 1092 4365 ςὺνεςιν
1109 4312 1176 4364 τοὺς
1198 4311 1271 4363 ἐντε-

128 4384 304 4450 θραμμένους
317 4384 387 4453 αὐτῇ
402 4390 455 4439 330
468 4385 491 4438 Β
506 4392 521 4439 'i
557 4386 561 4452 Ι
597 4390 627 4438 11
648 4385 754 4438 αὑτοῦ
768 4387 831 4436 πάς
849 4386 925 4438 nst:
946 4384 1000 4437 άπδ
1015 4384 1064 4448 μὲν
1077 4386 1128 4449 τῆς
1141 4382 1271 4436 θεοπνεύ-

129 4471 194 4509 ςτου
213 4458 326 4522 γραφῆς
344 4457 445 4510 ἑαυτοῦ
465 4455 579 4521 βελτίων
598 4458 632 4509 ἂν
651 4456 761 4520 γένοιτο
778 4460 925 4509 παςτιςοθν
943 4460 995 4509 333
1015 4451 1075 4508 Oi.
