2926 5040
234 334 277 397 80
745 334 836 405 Capul
853 334 874 389 I.

234 501 320 561 modo
344 511 377 564 tu
401 503 492 563 andes
516 499 628 583 <eum>
656 503 890 586 reprehendere,
909 504 961 564 dio
984 505 1071 585 mihi,
1094 506 1179 584 quasi
1202 503 1390 583 neglexisset

233 607 299 669 illos
322 612 437 689 priores
457 620 487 672 et
509 613 556 671 vix
579 611 650 686 illis,
675 614 779 691 quiin
807 613 947 673 extremis
970 611 1169 691 temporibus,
1197 614 1390 673 vocationem

233 724 263 777 et
281 716 471 778 salvationem
489 737 543 799 per
563 717 714 781 Christum
733 715 955 780 distribuisset?
986 718 1024 778 Et
1043 728 1076 780 ut
1095 737 1185 799 supra
1204 719 1275 794 dixi,
1296 721 1389 779 etiam

233 826 359 886 mortuis
377 834 407 885 et
426 827 499 885 vivis
517 828 642 904 gratiam
659 826 903 907 praedestinavlt3
926 825 1106 906 praedicarit
1125 828 1204 887 enim
1223 826 1389 904 spiritibus

232 933 262 990 in
291 949 425 1013 carcere,
453 935 505 1013 qui
532 933 679 995 increduli
706 935 824 996 inerant
852 933 1023 1015 aliquando,
1056 936 1134 994 siout
1162 936 1310 1013 scriptum
1340 941 1389 994 est

232 1033 259 1119 (τ
278 1037 358 1100 reo.
373 1036 406 1121 3,
423 1036 472 1100 19.
487 1033 555 1121 ao).

778 1162 830 1226 35.

319 1288 461 1350 Eiusdem
485 1308 521 1359 ex
545 1289 620 1350 libro
644 1289 716 1349 XVI.

320 1395 501 1476 Pythagoras
534 1405 634 1457 autem
666 1400 697 1458 in
731 1406 848 1458 antrum
882 1397 961 1476 quod
995 1397 1104 1458 dicitur
1133 1396 1253 1457 ldaeum
1288 1397 1390 1458 lertur

231 1498 454 1586 descendisse¹)
479 1506 563 1597 etin
585 1503 665 1565 illius
683 1503 760 1564 lovis
780 1504 917 1584 sepulcro
942 1513 1074 1565 moratus
1098 1523 1164 1566 esse
1185 1513 1215 1565 et
1238 1504 1389 1565 sacrificia

231 1609 365 1670 ordinata
397 1613 477 1671 iuxta
505 1611 600 1690 legem
628 1609 815 1671 ethnicorum
845 1610 956 1672 tulisse.
998 1611 1037 1672 Et
1067 1629 1135 1672 cum
1168 1612 1277 1690 exiret,'
1309 1610 1389 1671 haec

231 1719 350 1796 scripsit
378 1736 467 1798 supra
491 1717 603 1779 locum:
636 1717 690 1777 Hic
714 1720 791 1778 iacet
814 1715 895 1794 Ζάν,
924 1699 1013 1795 quem
1036 1710 1134 1798 Aiu2)
1161 1711 1306 1801 vocant.³)
1350 1717 1390 1779 Et

230 1824 323 1884 tilium
346 1843 452 1885 rursus
476 1824 609 1886 Semeles
631 1827 712 1885 iuxta
736 1822 901 1904 Apollinem
931 1826 981 1902 qni
1005 1824 1115 1886 dicitur
1143 1842 1252 1885 aureus
1281 1825 1390 1886 ferunt

230 1932 379 2011 sepultum
403 1927 506 2013 ἀετοί)

318 2039 441 2100 Videtur
460 2039 552 2099 luisse
571 2040 609 2119 lg.
625 2036 668 2100 35
687 2042 718 2099 in
737 2040 951 2120 disputatione,
975 2057 1062 2118 quam
1082 2041 1234 2119 inceperat
1254 2038 1388 2119 Cyrillus

228 2146 266 2224 lg.
286 2143 338 2206 34.
375 2147 607 2226 Argumentandi
637 2154 735 2207 antem
763 2149 838 2206 ratio
868 2145 993 2206 sortasse
1025 2145 1098 2206 haec
1126 2146 1195 2208 luit:
1242 2146 1387 2208 Christus

226 2252 406 2331 praedicavit
438 2252 591 2332 spiritibus
620 2255 779 2332 quierant
807 2255 990 2314 incarcere.
1027 2254 1068 2313 Ao
1097 2271 1134 2312 ne
1163 2253 1284 2312 mireris
1314 2272 1387 2314 eum

227 2359 263 2419 ad
293 2360 406 2419 inferos
439 2378 470 2419 se
503 2359 679 2421 contulisse:
716 2362 803 2420 etiam
835 2359 1029 2439 Pythagoram
1063 2360 1160 2419 dicitis
1193 2359 1224 2418 in
1259 2367 1387 2420 antrum

228 2465 348 2526 Idaeum
371 2464 570 2527 descendisse.

658 2753 708 2812 Ex
731 2754 809 2812 libro
834 2753 940 2812 XVII.

772 2909 823 2973 36.

315 3030 360 3095 Ex
378 3035 477 3097 loann.
497 3036 629 3097 Damaso.
649 3056 677 3117 p.
693 3032 758 3098 515
778 3045 808 3098 et
825 3056 853 3117 p.
870 3033 942 3098 780.
964 3069 1002 3080 -
1029 3035 1059 3096 Ρ.
1074 3030 1148 3096 515.
1172 3034 1295 3116 Rupef.:
1323 3035 1383 3098 Κυ·

226 3138 345 3217 ρίλλου,
364 3140 400 3204 ἐκ
417 3144 475 3204 τοῦ
493 3135 533 3207 ις’
554 3140 674 3220 βιβλίου
693 3145 759 3205 τῶν
777 3141 859 3205 κατὰ
872 3135 1083 3223 Ἰουλιανοῦ.5)
1105 3175 1143 3184 -
1165 3140 1197 3202 Ρ.
1214 3139 1289 3204 780.
1314 3140 1384 3205 Τοῦ

225 3243 318 3322 ἁγίου
343 3244 539 3332 Κυρίλλουβ)
563 3248 599 3311 ἐκ
621 3251 679 3311 τοῦ
703 3243 742 3315 ις’
767 3248 888 3328 βιβλίου
911 3251 977 3311 τῶν
1001 3246 1082 3310 κατὰ
1103 3244 1289 3310 Ἰουλιανοῦ.

314 3354 379 3432 Χρὴ
403 3350 494 3440 τὸνί)
515 3358 701 3433 προεττῶτα
725 3351 979 3441 ἀνεπίληπτονθ)
1003 3355 1175 3433 ἐκμελετᾶν
1198 3353 1250 3417 καὶ
1272 3351 1384 3419 ἀεκεῑ-

222 3466 290 3524 (dou
312 3460 381 3541 βίον
404 3463 456 3526 καὶ
474 3462 572 3541 μηδὲν
593 3459 843 3542 ἀνεπιτήδευτον
859 3457 978 3545 ἔχεινί)
997 3465 1063 3524 τῶν
1078 3458 1283 3538 ἀρεεκόντων
1305 3466 1383 3546 θεῷ.

297 3675 323 3742 1)
341 3672 475 3742 Porphyr.
495 3692 521 3728 v.
540 3672 623 3743 Pyth.
644 3677 685 3727 17.
710 3670 772 3740 (lyr.
791 3671 870 3725 Alex.
890 3686 913 3724 c.
932 3669 984 3723 Iul.
1002 3687 1030 3739 p.
1046 3668 1133 3724 3420.

294 3762 323 3918 ἀί
340 3761 404 3906 {a
415 3763 509 3905 diffido
528 3857 613 3905 κεῖται
632 3851 704 3918 Ζὰν,
724 3850 757 3903 ὃν
776 3847 831 3902 Δία
850 3848 1043 3915 κικλήεκουειν.
1062 3846 1165 3916 Porph.
1184 3846 1202 3900 l.
1218 3846 1236 3900 l.

293 3943 322 4011 4)
341 3940 401 4010 Cyr.
421 3940 500 3994 Alex.
521 3957 542 3994 c.
557 3939 609 3994 Iul.
627 3956 655 4008 p.
673 3938 741 3992 1113.
768 3938 890 4003 Περεεὺε
908 3936 1045 3989 Διόνυεον
1064 3935 1183 4004 ἀναιρεῖ,
1201 3935 1236 3988 οὗ
1255 3939 1305 3991 καί
1324 3941 1382 4006 τὴν

222 4033 317 4098 ταφήν
336 4029 406 4083 είναί
425 4047 508 4099 φοειν
527 4031 557 4083 ἐν
576 4031 698 4098 Δελφοῖς
715 4029 791 4094 παρὰ
809 4027 859 4081 τὸν
878 4030 997 4093 χρυεοῠν
1017 4025 1185 4080 Ἀπόλλωνα.

292 4121 319 4187 5)
339 4117 450 4189 Scripsi.
472 4120 619 4175 Ἰουλιανόν
637 4118 698 4173 οοά.
718 4119 747 4172 et
764 4114 897 4184 Lequien.

293 4475 321 4543 9)
339 4476 556 4543 ἀνεπιτήδευτον
575 4476 646 4541 ἔχειν
666 4478 725 4527 515.
745 4473 816 4539 ἔχειν
835 4472 1053 4538 ἀνεπιτήδευτον
1073 4475 1133 4524 780.
