2910 5034
231 349 294 412 148
720 348 812 419 Caput
829 347 876 403 III.

153 579 156 585 ,
230 515 322 577 altera
342 518 502 595 scripserat
521 512 688 597 ἁπάντων;
706 525 794 594 atque
814 518 923 595 prioris
941 518 1119 595 scripturam
1135 512 1378 592 Oecolampadius

231 625 353 703 recepit,
372 622 493 683 alterius
513 623 690 703 reprobavit.
725 623 783 682 Sed
802 620 859 701 p.7
880 615 937 682 EI
957 621 1009 683 Β1
1031 624 1150 701 scripsit
1167 623 1378 696 (εμνοπρεπῆ,

198 784 201 790 .
231 726 493 808 Βῖθεοπρεπῆ,
517 727 760 807 oecolampadius
790 730 878 788 vertit
902 723 973 788 ‘deo
998 723 1140 807 dignam’.
1184 727 1263 806 Ergo
1293 728 1378 788 modo

230 834 365 914 probavit
384 835 471 896 modo
491 837 606 913 respuit
625 853 699 913 quae
719 836 749 894 in
770 833 931 913 Capnionei
949 836 1081 912 margine
1101 833 1264 894 exstabant.
1298 834 1378 894 Unde
1397 817 1401 828 ¹

231 942 360 1002 efficitur
379 961 438 1002 uon
458 940 716 1020 Oecolampadium
735 960 784 1000 eas
808 943 971 1020 scripturas
996 941 1147 1001 adiecisse.
1184 940 1226 999 Ac
1250 958 1288 1000 ne
1308 939 1377 1019 Cap-

231 1051 280 1109 uio
305 1049 423 1127 quidem
448 1067 498 1108 eas
528 1048 699 1130 adscripsit,
728 1066 795 1107 nam
819 1047 936 1108 saeculo
960 1046 1036 1107 XIII.
1064 1048 1121 1105 iam
1149 1049 1181 1106 in
1206 1046 1309 1107 codice
1332 1065 1378 1106 ex-

231 1155 360 1236 stabant,
383 1174 442 1233 quo
467 1163 600 1233 tempore
623 1154 792 1214 Marcianus
816 1152 848 1214 Μ
877 1173 913 1214 ex
937 1144 984 1213 eo'
1001 1149 1270 1235 describebaturl).
1311 1153 1378 1213 Per-

230 1261 337 1322 multas
357 1265 434 1322 enim
455 1279 557 1321 earum
576 1262 793 1339 scripturarum
813 1256 870 1341 (14
890 1244 926 1320 de
945 1252 1003 1341 23)
1023 1262 1055 1320 in
1074 1268 1248 1321 contextum
1267 1263 1378 1339 recepit

231 1368 342 1427 codicis
362 1366 393 1429 Μ
413 1367 560 1429 librarius.
598 1366 677 1437 Quas
702 1386 738 1426 ex
761 1370 826 1446 ipso
841 1365 990 1427 Marciano
1010 1368 1200 1446 depromptas
1219 1368 1379 1447 Capnionci

234 1476 358 1552 margIni
383 1474 545 1555 adscriptas
573 1493 639 1536 esse
664 1493 750 1534 nemo
779 1493 869 1536 sanus
893 1475 1067 1536 adfirmabit.
1104 1475 1177 1536 Nam
1209 1478 1324 1536 etiamsi
1351 1475 1379 1534 id

234 1582 387 1639 mittamus
410 1599 527 1641 causam
551 1600 611 1641 uon
635 1600 715 1660 esse,
744 1600 797 1641 cur
821 1581 1004 1661 reliquarum
1031 1584 1248 1661 scrIpturarnm
1277 1601 1379 1642 novem

236 1685 324 1746 alium
348 1687 459 1748 iontem
484 1695 661 1748 statuamus:
685 1706 720 1747 cx
745 1687 848 1748 decem
871 1687 955 1749 libris
978 1690 1045 1767 quis
1069 1688 1204 1748 censebit
1227 1697 1379 1768 quattuor-

234 1792 329 1852 decim
355 1812 532 1873 quemquam
560 1793 695 1854 locorum
718 1797 873 1855 varietates
897 1792 1113 1874 adscripsisse?
1155 1795 1274 1866 Quanto
1297 1795 1380 1875 plura

235 1899 355 1959 alteram
383 1899 568 1960 Monacensis
597 1918 715 1961 manum
744 1920 779 1960 ex
808 1901 976 1981 Capnioneo
1009 1901 1165 1962 adnotasse
1195 1912 1380 1982 compertum

233 2000 388 2066 babemus!
419 2006 477 2066 Sed
493 2007 570 2067 unde
586 2007 736 2069 lluxerunt
750 2008 912 2088 Capnionei
931 2007 1040 2070 notae?
1066 2009 1133 2071 Non
1147 2029 1183 2070 ex
1197 2011 1255 2070 alio
1271 2011 1379 2089 codice,

233 2115 348 2194 opinor,
363 2113 415 2173 scd
430 2132 465 2173 ex
480 2114 584 2174 eodem
600 2134 633 2176 ac
649 2116 770 2195 reliqua.
798 2116 947 2178 Facillime
958 2119 1036 2177 enim
1047 2118 1112 2178 fieri
1125 2120 1233 2199 potuit,
1252 2117 1379 2178 utlibra·

234 2223 297 2282 rius
317 2238 391 2299 quae
411 2239 469 2281 non
489 2231 570 2283 recte
590 2223 788 2303 descripserat
805 2225 836 2283 in
856 2226 987 2302 margmc
1006 2226 1179 2303 corrigeret.
1217 2224 1262 2285 Ita
1280 2227 1311 2284 iu
1330 2226 1379 2285 dc-

235 2328 391 2389 scribendo
411 2347 526 2389 errasse
545 2329 671 2410 videtur,
690 2348 758 2390 cum
773 2350 801 2409 p.
816 2327 858 2390 22
877 2330 933 2390 Cl
955 2333 1131 2391 sententiam
1150 2331 1299 2413 redderet,
1324 2351 1381 2392 non

234 2434 322 2495 verba
347 2443 377 2495 et
400 2438 439 2495 ita
462 2438 493 2496 in
508 2444 648 2498 contextu
662 2445 789 2516 poneret
807 2434 885 2512 μετὰ
905 2435 1037 2518 βραχέας
1061 2437 1143 2519 dein,
1167 2440 1269 2502 codice
1284 2440 1380 2501 denuo

235 2545 385 2623 inspecto,
415 2547 517 2605 vitium
540 2544 661 2607 sustulit
680 2555 710 2606 et
728 2545 877 2605 adnotavit
898 2544 996 2621 βραχὺ
1016 2539 1230 2628 aporiatur).
1270 2546 1380 2607 Eodem

236 2650 323 2710 modo
351 2670 379 2729 p.
401 2648 443 2711 29
463 2649 524 2712 bu
553 2653 718 2714 διαλαθεῖν
739 2650 944 2730 neglegentius
968 2654 1136 2733 scripserat,
1163 2652 1215 2712 sed
1241 2657 1381 2715 contiuuo

236 2758 402 2831 διαμαθεῑν
416 2761 558 2836 reposuit.
594 2759 755 2839 Perpaucis
774 2777 845 2818 sane
868 2758 940 2819 locis
963 2759 1082 2835 ingenio
1102 2776 1156 2818 suo
1176 2759 1249 2820 mibi
1267 2761 1383 2822 videtur

237 2863 395 2924 indulsisse
415 2875 444 2924 et
458 2874 624 2925 commenta
639 2883 691 2925 sua
706 2864 909 2945 adscripsisse.
936 2864 979 2925 Ita
998 2884 1025 2943 p.
1042 2861 1059 2924 7
1084 2863 1107 2923 E
1122 2861 1144 2924 4
1167 2868 1198 2925 in
1214 2866 1383 2947 Capnioneo

240 2989 273 3031 re
297 2989 365 3031 vera
384 2972 475 3032 luisse
500 2990 607 3032 censeo
632 2974 846 3048 εεμνοπρεπῆ,
872 2971 951 3051 quod
976 2969 1007 3032 Μ
1032 2980 1061 3031 et
1085 2969 1108 3031 B
1130 2969 1146 3031 1
1173 2972 1330 3055 exhibent,
1358 2984 1385 3035 et

236 3098 339 3140 vocem
362 3080 460 3159 paullo
483 3083 628 3141 rariorem
651 3099 666 3139 a
685 3079 805 3139 librario
829 3082 859 3139 in
884 3081 1046 3154 θεοπρεπῆ
1071 3086 1213 3140 lunulam
1237 3100 1315 3142 esse.

325 3187 386 3247 Iam
416 3205 486 3246 vero
517 3186 589 3247 mihi
620 3185 766 3264 agendum
797 3196 842 3247 est
869 3186 906 3246 de
932 3185 1085 3246 codicibus
1112 3185 1224 3248 Veneto
1249 3185 1315 3249 122
1334 3182 1384 3271 (V)

237 3303 267 3354 et
291 3293 470 3354 Scorialensi
493 3292 532 3354 Ψ.
553 3326 595 3334 -
619 3292 667 3353 III.
690 3325 726 3336 -
756 3290 805 3352 12.
829 3286 895 3375 (Ψ),
933 3292 1014 3363 Quos
1037 3296 1147 3354 artiore
1171 3295 1303 3373 quodam
1326 3285 1384 3356 vid-

238 3400 304 3461 cnlo
325 3403 402 3462 inter
421 3420 452 3460 se
468 3403 615 3461 contineri
635 3418 720 3460 nemo
740 3401 848 3460 infitias
867 3401 911 3459 ire
926 3400 1012 3481 volet,
1031 3404 1082 3480 qui
1101 3404 1266 3482 scripturas
1282 3421 1385 3464 corum

238 3509 434 3587 inapparatu
459 3510 562 3568 critico
587 3507 735 3587 adpositas
758 3510 837 3567 inter
861 3525 893 3566 se
917 3506 1076 3567 contulerit
1100 3515 1218 3568 etcum
1237 3508 1384 3570 Marciano

240 3611 281 3674 Μ.
314 3611 597 3675 Luculentissimum
626 3624 725 3675 autem
754 3613 921 3692 exemplum
950 3621 1046 3673 exstat
1068 3633 1095 3693 p.
1115 3611 1205 3694 4413,
1235 3614 1287 3676 ubi
1315 3615 1384 3675 haec

238 3719 377 3799 leguntur
401 3724 431 3781 in
455 3720 602 3782 Marciano
628 3720 673 3783 Μ;
710 3720 800 3798 μητρὶ
823 3718 884 3796 γὰρ
912 3715 1037 3780 oleo<
1060 3716 1169 3796 ἐμίχθη
1198 3719 1250 3782 καὶ
1273 3724 1383 3783 παιδο-

238 3824 451 3904 ποιηεάμενοε
470 3826 503 3890 ἐξ
523 3827 620 3905 αὐτῆ(
639 3826 736 3904 ἔγημε
755 3827 813 3904 μὲν
832 3824 928 3888 αὐτὸ(
947 3824 1005 3902 τὴν
1024 3822 1124 3886 αὐτοῦ
1144 3823 1256 3909 (scribe
1272 3824 1383 3908 αὑτοῦ)

238 3934 406 4011 θυγατέρα,
421 3935 544 4010 μᾶλλον
559 3935 593 3997 δὲ
610 3934 688 3997 οὐδὲ
703 3932 820 4011 ἔγημεν
830 3931 926 3995 αὐτὸ(
941 3932 1000 4008 τὴν
1014 3930 1113 3995 αὐτοῦ
1129 3926 1202 4016 (sic)
1216 3933 1383 4010 θυγατέρα

240 4039 323 4104 ἀλλὰ
342 4039 461 4118 μιχθεὶ(
480 4040 591 4105 ἁπλῶς
611 4039 699 4124 ἄλλῳ
719 4040 949 4117 παραδέδωκεν
968 4037 1077 4116 αὐτήν.
1109 4039 1242 4101 Eandem
1261 4045 1383 4121 scriptu-

313 4310 338 4375 1)
357 4307 445 4373 Quem
464 4305 618 4376 Capnionei
637 4304 821 4374 apographon
841 4320 901 4357 esse
920 4302 993 4356 infra
1011 4301 1145 4370 probabo.

312 4399 340 4464 2)
361 4399 507 4463 προελθὼν
526 4397 563 4450 Μ.
582 4396 729 4461 παρελθὼν
749 4394 768 4445 Β
784 4399 809 4448 2.
843 4394 893 4446 82
918 4391 947 4445 in
966 4390 1149 4444 describenda
1167 4390 1323 4460 scripturae
1341 4407 1384 4445 ra-

241 4481 342 4539 rielato
360 4486 388 4539 h.
402 4485 421 4538 I.
441 4499 547 4538 errasse
565 4484 683 4538 videtur.
