2926 5040
512 312 552 366 De
572 312 672 368 iuIIcni
692 312 825 369 librorum
844 316 917 371 fatis.
1244 320 1287 384 85

683 479 735 542 46.

227 605 271 666 Εκ
294 605 397 666 Leout.
421 614 451 666 et
474 604 574 666 Iosuu.
597 625 626 685 p.
645 603 696 667 94.
733 601 784 668 Ἐκ
807 608 865 668 τοῖι
894 599 933 683 ιη’
964 605 1085 685 βιβλίου
1112 611 1179 672 τῶν
1207 609 1287 673 κατὰ

134 708 349 795 Ἰουλιανοῖιέ)

224 815 374 880 Ἕκαετοε
392 820 459 880 τῶν
478 816 531 880 ἐπὶ
549 821 604 895 τῆ(
622 821 680 895 γῆε
699 820 765 881 τῶν
785 818 903 882 ἑαυτοῦ
916 819 1105 898 θελημάτιυν
1123 821 1286 907 διέλαχεῖ)

133 923 192 986 τὰε
215 921 306 1001 ἡνία(
329 923 380 986 καὶ
408 924 578 1002 ἐθελοντὴε
601 926 620 1002 ἢ
644 924 703 988 τὰν
726 928 745 1004 ἢ
769 926 822 989 ἐπὶ
845 926 905 990 τὰν
926 924 1054 1012 ἵεται,3)
1081 929 1242 994 τουτὲετιν
1265 932 1284 1009 ἢ

132 1029 188 1093 ἐπὶ
211 1027 328 1108 ἀρετὴν
351 1032 370 1108 ἢ
395 1029 475 1108 πρόε
498 1051 535 1106 γε
558 1030 598 1094 τὰ
621 1029 725 1109 χείρω.

680 1191 732 1255 47.

223 1317 267 1378 Εκ
290 1317 393 1379 Leoni.
412 1326 443 1378 et
464 1315 565 1378 loson.
588 1337 616 1397 p.
637 1315 709 1380 108.
750 1314 800 1381 Ἐκ
826 1321 885 1381 τοῡ
914 1313 954 1397 ιη’
983 1317 1084 1394 λόγου
1111 1323 1177 1385 τῶν
1205 1322 1286 1386 κατὰ

132 1417 347 1507 Ἰουλιανοῖι.4)
1199 1504 1202 1508 .

222 1529 299 1593 Τοῖε
323 1528 381 1593 οὐκ
399 1527 505 1607 ἔχουει
531 1528 600 1607 βίον
623 1529 681 1592 τὸν
701 1530 820 1609 ἐπιεικῆ
845 1531 896 1593 καὶ
919 1536 1178 1612 τεθαυμαεμένον
1202 1557 1283 1615 φορ-

128 1637 228 1714 τικὸν,
247 1634 292 1699 ὼε
306 1635 400 1715 ἔοικε,
418 1636 456 1700 τὸ
476 1636 655 1715 εὐδοκιμεῖν
670 1635 801 1715 ἑτέρου(
815 1636 931 1720 εὐζωίᾳ
945 1639 996 1701 καὶ
1011 1638 1122 1724 ἀρετῇ·
1143 1639 1284 1721 ἔγκλημα

129 1743 193 1822 γὰρ
212 1747 268 1822 τῆε
287 1742 412 1806 ἑαυτῶν
431 1742 635 1822 φαυλότητα(
655 1748 822 1807 ποιοῦνται
841 1745 995 1823 χρήματα,
1014 1746 1065 1808 καὶ
1078 1751 1148 1811 ταῖε
1163 1748 1283 1827 ἑτέρων

130 1849 287 1917 εὐκλεῖαιε
310 1850 549 1929 ἑπηρεθιεμένοι
572 1852 631 1929 τὴν
654 1856 709 1930 τῆε
735 1847 934 1935 βαεκανίαεῖ)
959 1851 1140 1938 ὠδίνουειθ)
1164 1854 1283 1932 φλόγα.

130 1955 234 2019 καίτοι
251 1958 375 2034 μᾶλλον
402 1957 500 2036 ἐχρῆν
528 1959 704 2035 Ζηλοῡνταε
731 1956 855 2023 ἑλέιθαι
878 1959 915 2022 τὸ
939 1957 1070 2037 ἄμεινον
1099 1960 1149 2023 καὶ
1177 1960 1283 2025 πάντα

131 2061 275 2126 τείονται
295 2059 434 2147 κάλων)
454 2061 639 2142 ἁμιλλᾶεθαι
659 2066 767 2142 φιλεῖν
781 2069 849 2128 τοῖς
864 2063 928 2130 ὧδε
948 2069 1116 2145 λαμπροῖε,
1135 2066 1174 2130 οὐ
1189 2071 1282 2145 φιλο-

131 2168 251 2249 ψογίαε
274 2171 459 2247 ποιήεαεθαι
483 2169 644 2249 πρόφαειν
668 2171 688 2232 ἃ
712 2177 891 2249 κατορθοῦν
915 2172 955 2236 οὐ
978 2171 1208 2256 δεδύνηνταιῖ)

676 2347 728 2412 48.

220 2473 361 2535 Eiusdem
384 2493 420 2535 cx
444 2474 520 2535 libro
544 2474 644 2535 XVIII.
681 2475 755 2535 Cum
775 2473 905 2535 Iulianus
925 2475 1109 2536 Christianos
1133 2479 1282 2558 irrideret,

130 2581 210 2661 quod
234 2589 378 2661 martyres
401 2581 545 2661 coierent,
569 2581 643 2642 dixit
665 2574 722 2664 (sc.
741 2575 881 2662 Cyriilus)
905 2582 961 2641 hoc
985 2582 1086 2644 modo:

219 2688 322 2768 Neque
351 2690 428 2748 enim
457 2697 591 2749 mortuos
619 2687 744 2747 colimus
777 2695 810 2747 ut
838 2687 909 2747 deos
943 2706 1039 2767 neque
1069 2689 1271 2752 adorationem

128 2814 206 2876 quae
229 2795 290 2855 Deo
314 2794 399 2856 nobis
423 2793 561 2875 debetur,
589 2784 758 2855 homiuibus
786 2794 946 2855 tribuimus
974 2815 1070 2875 neque
1096 2796 1275 2876 martyribus

128 2903 240 2964 sanctis
271 2902 470 2981 precationem
499 2902 678 2980 porrigimus
707 2909 757 2961 aut
784 2900 820 2961 ab
848 2901 905 2961 iliis
933 2905 1063 2981 petimus
1091 2902 1167 2963 bons
1196 2922 1271 2982 quse

128 3010 210 3071 Deus
241 3008 378 3089 largitur,
410 3007 461 3067 sed
494 3007 674 3069 honoramus
703 3009 802 3087 potins
837 3007 910 3068 teies
943 3017 1060 3077 sanctos
1093 3011 1185 3089 utros,
1220 3012 1272 3089 qui

128 3117 218 3177 Iidem
248 3123 441 3175 serraverunt
469 3123 499 3175 et
525 3113 725 3194 pulcherrIme
754 3117 888 3175 coronati
920 3123 991 3176 suut
1018 3115 1111 3194 gloria
1139 3116 1280 3195 pulchrae

201 3289 228 3356 1)
249 3289 395 3341 Ἰουλιανοῠ
414 3285 544 3355 Mignius.
565 3287 713 3340 Ἰουλιανόν
731 3285 830 3340 Maius.

200 3379 227 3444 2)
248 3377 356 3441 διέλοχε
375 3374 481 3445 scripsi.
501 3376 625 3441 διέλαχεν
643 3373 743 3428 Maius.

200 3468 227 3533 3)
245 3464 317 3518 ἵεται
335 3461 441 3532 scripsi.
460 3463 529 3516 ῖεται
548 3460 647 3516 Maius.

200 3555 228 3622 4)
248 3554 395 3607 Ἰουλιονοιῖ
415 3550 543 3620 Mignius.
565 3552 712 3606 Ἰουλιανόν
731 3550 830 3604 Maius.

200 3643 228 3711 δ)
248 3639 393 3707 βοεκανίαε
410 3638 542 3708 Mignius.
562 3640 717 3706 βατκανῖαιε
735 3638 833 3693 Maius.

201 3732 228 3799 6)
247 3727 375 3783 ὠδίνοντι
393 3726 524 3798 Mignius.
545 3729 681 3781 ὠδύνουει
699 3726 798 3781 Maius.

201 3822 228 3888 7)
246 3820 353 3873 πάντα(
366 3819 460 3873 ἰόντα(
470 3818 555 3872 καλὸν
564 3817 663 3873 Maius.
678 3818 771 3871 πάντα
780 3816 904 3871 εείονταε
914 3817 1006 3870 κάλων
1016 3816 1150 3886 Mignius.
1170 3817 1279 3871 Laude-

123 3912 174 3965 tur
203 3907 250 3962 hic
274 3906 372 3977 cyrilli
394 3907 472 3963 locus
495 3905 581 3960 etiem
603 3905 633 3958 in
657 3905 814 3983 Georgidse
837 3905 1018 3974 gnomologio
1043 3907 1151 3975 (anecd.
1172 3906 1280 3961 Graece

123 4000 171 4056 ed.
190 3996 362 4053 Boissonsde
381 3998 393 4050 I
411 4015 440 4067 p.
460 4000 505 4066 98)
524 3995 579 4050 iia:
608 3997 664 4063 Χρὴ
690 3999 793 4061 μᾶλλον
814 3999 968 4062 Ζηλοῦντατ
986 3997 1091 4049 ἑλέτθαι
1114 3997 1147 4050 τὸ
1167 3998 1280 4061 ἄμεινον

122 4091 171 4142 καῖ
195 4088 301 4141 πάντα(
324 4084 418 4140 torrae
436 4087 521 4141 καλόν
540 4086 697 4150 όμιλλᾶεθαι
716 4089 806 4153 φιλεῖν
829 4091 888 4139 τοῖς
912 4085 968 4139 ὧδε
993 4089 1133 4151 λαμπροῖς.
1171 4083 1203 4136 In
1223 4101 1278 4151 quo

122 4173 309 4248 gnomologio
328 4173 414 4229 etiem
433 4172 482 4227 alii
499 4167 596 4242 Cy'rilli
615 4172 670 4228 loci
684 4172 879 4241 inveniuntur,
897 4173 1015 4229 fortasse
1033 4189 1067 4226 ex
1086 4171 1165 4226 libris
1180 4174 1278 4226 contre

121 4264 267 4320 Iulianum
289 4262 462 4332 deprompti,
486 4280 556 4332 quos
579 4278 634 4316 non
658 4262 763 4332 recepi,
787 4263 862 4331 quod
885 4262 966 4317 deest
987 4259 1143 4330 inscriptio.
1181 4260 1279 4329 Neque

84 4344 92 4355 ’
123 4353 280 4425 quiequam
298 4351 385 4406 exiis
404 4351 439 4406 de
457 4350 560 4405 Iuliani
578 4349 723 4405 sententiis
743 4350 843 4404 elucet.

200 4445 228 4513 8)
247 4443 413 4509 δεδύνηνται
431 4439 560 4510 Miguius.
581 4441 729 4507 δεδύνηται
747 4437 847 4495 Maius.
