2926 5040
439 317 480 373 De
498 314 601 372 Iuliani
618 314 699 370 libris
717 312 904 370 restituendis.
1185 311 1249 375 129

101 494 133 547 et
154 494 288 565 gesserat
311 492 342 545 et
363 503 470 564 passus
489 494 562 565 crat,
585 502 639 545 suo
663 485 728 544 iure
747 482 803 543 hoc
826 481 892 541 loco
915 481 986 561 poni
1009 479 1189 541 videbuntur
1207 498 1250 562 ea,

101 610 176 671 quae
203 594 234 652 in
256 590 412 652 historiam
435 592 605 652 tentationis
629 589 739 651 Christi
763 591 868 650 iecisse
892 587 975 651 illum
998 589 1190 667 cognovimus
1213 606 1251 648 ex

101 699 267 778 fragmento
290 697 440 758 Theodori
468 697 686 778 Mopsuesteni,
709 691 874 778 (Fritzsche
898 713 926 774 p.
944 691 1001 774 12,
1019 691 1061 755 22
1080 727 1117 736 -
1137 691 1191 775 16,
1207 689 1250 775 l).
1334 753 1338 758 .

99 803 316 865 Perstrinxisse
344 812 443 864 autem
471 803 618 865 lulianum
645 803 786 864 Matthaei
815 794 1032 883 (4,1-11)‚
1063 819 1123 861 non
1153 799 1251 860 Lucae

99 913 301 972 narrationem
329 929 419 990 supra
448 913 653 992 exposuimus,
683 909 735 970 uhi
763 908 851 968 verba
882 908 1007 967 lecimus
1034 907 1070 967 de
1094 906 1251 967 Theodoro

99 1017 318 1096 Mopsuesteno.
350 1015 466 1086 Quibus
486 1025 585 1077 autem
604 1017 652 1076 ille
668 1016 767 1076 verbis
782 1017 917 1075 invectus
932 1022 1011 1073 esset
1026 1016 1057 1075 in
1071 1012 1251 1075 Matthaeum

100 1141 160 1183 non
185 1123 295 1202 ubique
319 1141 499 1202 cognoscere
523 1140 698 1204 possumus,
721 1121 801 1202 quod
824 1139 858 1180 ea
882 1119 1045 1201 Theodori,
1073 1118 1181 1199 quihus
1204 1118 1252 1180 lu-

100 1228 172 1290 liani
196 1229 283 1291 verba
303 1228 503 1291 afferebantur
525 1229 749 1309 proculdubio,
773 1236 888 1289 servata
912 1225 998 1287 nobis
1017 1244 1077 1286 non
1100 1235 1179 1286 sunt.
1209 1225 1251 1285 lle

99 1338 257 1397 sententiis
280 1344 379 1398 autem
401 1339 465 1398 eius
485 1357 521 1398 ex
540 1337 690 1398 Theodori
713 1337 893 1397 refutatione
916 1334 989 1394 haec
1013 1334 1091 1394 effici
1113 1342 1252 1413 possunt:

103 1438 138 1524 l)
161 1441 285 1503 Miratus
309 1452 355 1503 est
373 1443 505 1504 lulianus
527 1443 607 1524 quod
630 1451 745 1505 tentare
766 1442 917 1503 Christum
940 1459 1031 1502 ausus
1050 1450 1096 1501 est
1119 1424 1252 1503 diabolus

99 1549 241 1628 princeps
265 1548 455 1624 daemonum,
484 1552 535 1629 qui
559 1549 647 1610 deum
672 1549 756 1611 illum
779 1567 846 1609 esse
875 1558 905 1609 et
928 1556 1107 1627 cognossent
1131 1556 1160 1607 et
1183 1565 1252 1607 con·

99 1654 173 1714 fessi
196 1665 310 1736 essent;
334 1656 371 1716 cl.
391 1654 444 1715 Th.
464 1656 500 1717 M.
519 1675 548 1735 p.
566 1654 616 1738 12,
630 1653 673 1716 22
688 1675 765 1737 sqq.:
794 1654 899 1718 Οὐδὲν
922 1654 1042 1730 καινὸν,
1066 1649 1252 1730 ἀεεβέετατε·

99 1755 261 1836 Ἰουλιανέ,
285 1757 312 1822 εἰ
336 1759 386 1822 καὶ
409 1759 595 1835 γινώεκεται
617 1759 682 1824 ὑπὸ
706 1763 772 1824 τῶν
792 1759 953 1838 δαιμόνων
977 1758 1028 1822 καὶ
1047 1756 1252 1836 ὁμολογεῖται

100 1864 176 1928 θεὸε
195 1865 246 1928 καὶ
264 1863 444 1943 πειράζεται
463 1865 527 1929 ὑπὸ
548 1870 606 1928 τοῦ
627 1864 784 1944 ἀρχοντοε
802 1869 869 1930 τῶν
889 1865 1051 1945 δαιμόνων
1075 1866 1115 1944 μὴ
1136 1863 1252 1943 ὁμολο-

99 1974 238 2047 γούντοε
258 1973 318 2050 τήν
341 1971 441 2035 αὐτοῦ
466 1970 634 2051 βαειλεὶαν.
671 1970 707 2055 2)
730 1974 805 2035 Cum
823 1974 921 2035 Moses
945 1984 975 2035 et
993 1973 1072 2033 Elias
1094 1982 1252 2054 postquam

99 2098 156 2158 per
175 2081 368 2161 quadraginta
384 2081 446 2142 dies
464 2080 539 2142 cibis
558 2100 623 2142 sese
639 2080 847 2142 abstinuerunt
866 2082 980 2161 magnis
993 2081 1135 2160 praemiis
1152 2089 1254 2146 essent

100 2187 211 2268 allecti,
231 2190 418 2266 quaesiverat
435 2187 567 2248 lulianus
586 2206 674 2267 quem
692 2187 775 2249 lesus
794 2189 979 2269 percepisset
998 2186 1132 2247 eiusdem
1149 2188 1253 2248 ieiunii

101 2289 255 2353 fructum?
277 2293 331 2354 Th.
341 2294 378 2355 M.
391 2291 441 2374 13,
454 2291 492 2354 11
505 2281 590 2373 squ:¹
601 2290 684 2355 ἀλλὰ
701 2293 854 2370 Μωυεῆεε
869 2310 965 2370 φηειν
978 2291 1096 2369 ἡμέρα(
1105 2290 1253 2370 τετταρά-

100 2415 200 2460 κοντα
215 2378 382 2475 νηετεύεαε
402 2397 497 2478 ἔλαβε
516 2400 574 2461 τὸν
593 2397 706 2478 νόμον,
729 2398 838 2463 Ἡλίαε
853 2399 887 2461 δὲ
911 2397 1066 2461 τοεαύταε
1085 2400 1253 2478 νηετεύεαε

101 2501 198 2566 θείων
227 2503 393 2582 αύτοψιῶν
417 2504 544 2584 ἔτυχεν,
574 2504 689 2584 Ἰηεοῦε
717 2506 752 2568 δὲ
776 2505 805 2568 τί
829 2505 907 2584 μετὰ
934 2504 1085 2584 τοιαύτην
1109 2506 1254 2585 νηετείαν

103 2608 235 2688 ἔλαβεν;
278 2612 357 2673 Haec
391 2625 510 2694 praeter
537 2616 681 2675 adiectam
708 2634 724 2674 a
752 2615 909 2675 Theodoro
942 2633 1044 2675 vocem
1076 2611 1159 2677 ἀλλὰ
1191 2619 1255 2697 ipsa

103 2716 210 2779 loliani
234 2737 300 2779 esse
328 2719 417 2780 uerba
441 2740 548 2782 censeo
571 2730 695 2801 propter
718 2724 982 2802 interrogationem
1004 2718 1035 2781 τί
1060 2755 1100 2764 -
1125 2719 1252 2799 ἔλαβεν;

105 2819 143 2907 3)
167 2824 359 2895 Quaesiverat
382 2827 526 2909 lulianus,
550 2829 602 2906 qui
625 2828 690 2888 lieri
712 2838 828 2909 posset,
856 2838 890 2889 ut
913 2829 1047 2889 doctrina
1071 2829 1151 2890 caelo
1174 2829 1255 2910 lapsa

103 2933 212 2994 samem
245 2933 429 3013 depellerent
461 2934 606 2996 homines.
652 2934 789 2996 Ellioitur
821 2934 878 2996 hoc
911 2954 946 2995 ex
974 2934 1124 2995 Theodori
1156 2935 1255 2995 verbis

105 3034 304 3120 1.⁹›,15sqq.:v
330 3037 368 3099 rh
392 3038 427 3100 δὲ
451 3037 503 3100 ἐπὶ
527 3038 623 3101 παντὶ
646 3036 758 3116 ῥήματι
787 3042 863 3102 θεοῦ
886 3037 927 3101 ού
953 3039 1026 3117 περὶ
1055 3039 1255 3103 διδαεκαλίαε

103 3143 199 3221 λέγει,
219 3140 303 3206 ἀλλὰ
321 3142 401 3221 πρὸ(
418 3144 476 3207 τὸν
490 3144 645 3222 ποριεμόν
664 3148 720 3222 uic
733 3149 858 3223 τροφῆε
877 3156 908 3208 et
924 3144 974 3228 13,
988 3144 1031 3208 25
1050 3144 1135 3224 ῥῆμα
1149 3146 1255 3220 λέγων

103 3250 164 3327 τὴν
190 3251 356 3327 ποιητικὴν
385 3250 533 3329 βούληειν
565 3254 624 3313 τού
652 3255 739 3315 θεοῦ.
785 3248 821 3336 4)
850 3252 1088 3332 interrogaverat
1114 3252 1255 3334 lulianus,

104 3375 160 3418 cur
178 3357 277 3418 lesum
297 3366 412 3419 tentare
432 3357 548 3418 diaholo
567 3359 709 3442 licuisset,
727 3359 839 3420 Mosem
853 3358 947 3420 Ellam
966 3377 1026 3419 non
1045 3361 1124 3419 item.
1148 3357 1202 3418 Th.
1217 3358 1254 3419 M.

108 3460 158 3543 13,
172 3459 215 3524 25
225 3481 303 3543 sqq.:
329 3461 466 3540 Μωυεῆε
484 3461 586 3525 δὲκαὶ
604 3461 712 3527 Ἡλίαε
733 3463 958 3540 νηετεύεαντεε
976 3462 1016 3527 ού
1036 3464 1254 3541 εννεχωρήθη-

105 3587 165 3631 cuv
190 3571 395 3645 πειραεθῆναι
415 3617 484 3646 ...,
513 3566 532 3630 ὁ
560 3569 596 3634 δὲ
625 3571 727 3648 εωτὴρ
756 3566 937 3645 ἀναγκαίωε
965 3572 1167 3649 εννεχωρήθη
1192 3569 1254 3632 κτὲ.

105 3672 143 3758 5)
166 3675 297 3738 lulianus
316 3677 465 3738 diabolum
489 3679 613 3738 miratus
633 3687 705 3759 erat,
728 3680 780 3757 qui
803 3680 833 3738 in
853 3679 971 3740 deserto
990 3682 1137 3759 potuisset
1155 3677 1255 3739 lesum

105 3785 216 3845 ducere
244 3787 275 3845 in
299 3792 443 3864 montem,
471 3787 523 3863 ηιιί
550 3785 609 3845 illic
633 3802 693 3844 non
717 3795 805 3846 esset.
846 3785 899 3846 Th.
922 3786 959 3846 M.
982 3782 1121 3862 14,19.:
1157 3782 1194 3846 Τί
1218 3784 1253 3847 δὲ

105 3887 283 3966 θανμάῑειε,
307 3887 355 3951 ὅτι
380 3890 419 3967 μὴ
444 3885 538 3952 ὄντα(
562 3887 659 3966 ὄρουε
682 3888 809 3967 ὑψηλοῦ
833 3890 869 3952 ἐν
892 3896 930 3974 τῇ
954 3891 1061 3973 ἐρήμῳ
1085 3891 1211 3965 λέγεται
1235 3888 1254 3952 ὁ

106 3994 260 4074 διάβολοε
284 3993 460 4071 ἀναγαγεῖν
479 3996 578 4060 αύτόν
598 3996 643 4060 εἰε
666 3994 742 4074 ὄροε
761 3995 889 4075 ὑψηλὸν
908 3997 993 4073 λίαν;
1018 3998 1060 4060 Cf.
1093 3992 1129 4082 6)
1149 3998 1202 4059 Th.
1216 3998 1253 4059 M.

108 4101 164 4188 15,
182 4102 203 4165 2
218 4123 296 4185 sqq.:
325 4099 407 4165 ἀλλὰ
430 4106 513 4182 πῶε,
537 4103 646 4182 φηεὶν,
674 4102 719 4166 εἰ(
742 4103 780 4166 τὸ
804 4102 976 4180 πτερύγιον
1002 4106 1061 4165 τού
1084 4101 1173 4180 ἱεροῦ
1195 4101 1254 4166 τὸν

105 4209 217 4288 κύριον
240 4207 402 4290 ἀνήγαγεν
425 4207 444 4271 ὁ
464 4209 613 4289 διάβολοε
632 4208 712 4273 ὄντα
735 4209 771 4274 ἐν
789 4215 827 4293 τῇ
851 4210 971 4292 ἐρήμῳ;
1009 4211 1092 4289 Unde
1116 4211 1189 4272 haec
1207 4210 1254 4272 lu·

106 4320 178 4379 liani
201 4317 398 4380 restituenda:
430 4319 500 4379 πῶε
523 4316 568 4381 εἰ(
595 4318 633 4380 τὸ
661 4317 834 4394 πτερύγιον
857 4321 915 4379 τοῦ
938 4315 1026 4393 ἱεροῦ
1056 4315 1114 4380 τὸν
1136 4313 1255 4396 Ἰηεούν

107 4422 301 4502 ἀνήγαγεν
316 4420 396 4485 ὄντα
410 4422 446 4485 ἐν
460 4428 498 4505 τῇ
515 4423 634 4505 ἐρήμιμ;
659 4425 763 4504 Neque
778 4427 856 4485 enirn
872 4427 970 4504 potuit
983 4425 1113 4486 lulianus
1128 4428 1172 4487 uti
1182 4446 1253 4488 voce

161 4536 267 4576 Iulianus
281 4535 317 4577 ed.
330 4537 456 4576 Nsumeuu.
1024 4532 1040 4580 9
