2926 5040
470 319 512 376 De
531 319 633 376 Iuliani
649 288 743 376 ¹verbis
762 321 970 377 constituendis.
1228 322 1294 396 ,141
1318 299 1320 303 ¹

149 485 209 550 τὸν
232 483 445 565 ἀνθρώπινον.
486 488 542 550 Ubi
570 508 671 551 vocem
702 485 771 566 βίον
800 492 831 550 in
858 491 938 552 νοῦν
966 489 1136 550 mutandam
1165 509 1231 552 esse
1260 509 1296 550 ex

150 606 292 677 apparatu
316 600 420 659 critico
440 597 475 658 ad
499 597 554 659 tt.
578 598 739 679 apparebit.
777 598 880 677 Neque
903 607 1002 658 mmeu
1021 599 1094 659 oriri
1116 599 1214 676 potuit
1232 617 1296 658 cor·

151 703 277 786 ruptela,
300 707 357 765 nisi
380 708 437 766 iam
461 707 492 766 iu
511 705 671 785 archetypo
696 705 871 766 minusculis
894 704 1001 766 litteris
1020 713 1137 765 exarato
1161 704 1259 766 littera
1279 707 1297 782 β

151 810 255 871 similis
278 811 384 873 luisset
407 811 522 873 litterae
545 812 652 874 latinae
677 831 704 887 μ.
749 811 828 891 Ergo
848 810 966 872 codices
988 830 1086 890 neque
1110 810 1296 890 Capuioueus

151 936 248 997 neque
272 921 337 980 eius
366 918 544 999 archetypus
571 927 638 980 ante
668 918 818 980 saeculnm
837 918 886 979 lX.
914 921 1018 998 scripti
1046 926 1124 979 sunt.
1163 918 1296 1001 Accedit,

150 1025 230 1105 qnod
253 1045 280 1107 p.
305 1023 386 1087 49A
415 1045 451 1086 ex
475 1025 693 1108 Oecolampadii
716 1029 852 1087 versione
876 1035 965 1087 etex
988 1028 1137 1109 scriptura
1160 1025 1296 1086 codicum

151 1131 345 1194 Scorialeusis
368 1132 398 1194 Ψ
426 1142 456 1194 et
483 1132 664 1194 Venetorum
695 1131 726 1194 Μ
754 1140 783 1193 et
806 1132 842 1214 V,
870 1151 945 1211 quos
973 1134 1117 1212 originem
1145 1135 1296 1213 accepisse

150 1238 270 1318 abipso
289 1238 392 1299 codice
409 1236 578 1317 Capnioueo
597 1239 674 1299 inira
694 1238 912 1320 demonstrabo,
931 1239 1121 1301 efficiendum
1140 1246 1186 1299 est
1204 1240 1296 1300 luisse

149 1347 180 1405 iu
203 1344 372 1424 Capnioneo
397 1347 575 1424 scripturam
597 1342 840 1423 παραβάλωμεν.
874 1346 908 1406 ln
932 1364 990 1425 quo
1014 1348 1071 1407 luit
1090 1344 1296 1422 παραβαλὼν,

150 1453 175 1511 si
198 1451 309 1512 codicis
327 1451 554 1513 Monacensisll
578 1453 699 1514 alteram
723 1471 842 1513 manum
866 1461 991 1532 spectas
1024 1453 1052 1513 ls
1071 1461 1184 1534 autem,
1207 1470 1296 1532 quem

150 1576 185 1618 ex
198 1558 299 1619 codice
313 1557 481 1638 Capnioueo
492 1558 610 1620 ductam
628 1561 793 1639 scripturae
806 1561 978 1621 varietatem
995 1561 1026 1634 in
1039 1562 1171 1640 margine
1186 1559 1297 1622 codicis

149 1663 333 1725 Monacensis
356 1664 513 1726 adnotasse
537 1685 591 1727 suo
615 1665 679 1726 loco
705 1665 923 1726 ostendendum
947 1667 1018 1746 erit,
1032 1689 1034 1693 ·
1047 1668 1088 1726 ita
1111 1685 1212 1727 errare
1236 1684 1296 1727 nou

150 1773 259 1850 potuit,
282 1774 340 1832 nisi
367 1772 466 1833 littera
489 1791 509 1847 μ
536 1773 653 1834 litterae
676 1791 695 1834 ν
719 1772 902 1833 minusculae
931 1774 1043 1833 formae
1071 1773 1127 1834 init
1150 1774 1297 1835 simillima

151 1887 181 1938 et
198 1877 365 1939 litterarum
385 1896 421 1940 εν
440 1879 621 1942 abbreviatio
641 1874 705 1963 (<)
729 1898 820 1959 super
838 1879 967 1940 litteram
987 1881 1118 1958 uposita
1136 1880 1294 1960 paulloque

149 1985 353 2064 neglegentius
383 1996 501 2049 exarata
535 2006 603 2048 cum
635 1995 760 2047 accentu
792 1966 874 2064 gravi
903 1984 1045 2046 conlundi
1077 1985 1161 2047 lacile
1190 1991 1296 2065 potuit.

151 2090 231 2161 Quae
256 2091 450 2173 abbreviatio,
479 2113 566 2173 quam
593 2095 721 2155 inveniri
748 2095 779 2153 in
807 2093 871 2153 cod.
895 2091 1018 2153 Vindob.
1042 2092 1112 2172 phil.
1137 2091 1202 2155 314
1225 2096 1295 2156 anni

150 2194 216 2258 924
239 2217 276 2258 ex
295 2198 511 2260 Gardthauscni
532 2200 757 2280 palaeographia
776 2199 888 2260 Graeca
906 2219 933 2278 p.
953 2195 1019 2260 245
1033 2217 1077 2278 sq.
1101 2203 1242 2281 comperi,
1264 2202 1296 2260 iu

150 2303 302 2365 codicibus
321 2305 429 2366 litteris
448 2308 618 2368 maiusculis
638 2309 757 2386 scriptis
777 2324 836 2367 uon
856 2305 1058 2367 adhibebatur.
1090 2306 1167 2367 Ante
1186 2325 1296 2367 annum

150 2421 248 2472 autem
275 2409 359 2473 1343
388 2412 589 2492 Capnioneum
618 2421 770 2474 exaratum
798 2431 865 2473 esse
892 2411 960 2473 inde
988 2411 1183 2493 intellegitur,
1217 2414 1296 2492 quod

150 2527 222 2579 tnnc
246 2519 339 2580 codex
361 2518 492 2581 Venetus
516 2519 540 2578 V
563 2523 589 2581 si
612 2523 710 2581 miuus
735 2521 771 2580 de
794 2522 868 2600 ipso,
892 2528 1026 2580 atcerte
1050 2518 1086 2579 de
1110 2521 1204 2599 ipsius
1227 2538 1295 2599 apo·
1328 2575 1330 2578 Α

150 2625 262 2705 grapho
285 2626 452 2705 descriptus
472 2636 526 2689 est.
557 2627 660 2706 Neque
680 2630 800 2688 omnino
820 2626 910 2687 Xllll.
930 2625 1047 2687 saeculo
1067 2627 1184 2687 videtur
1203 2626 1296 2687 codex

151 2752 216 2794 esse
236 2732 421 2816 tribuendus,
440 2752 529 2813 quem
548 2737 640 2795 mirac
657 2737 841 2814 antiquitatis
855 2752 922 2795 esse
937 2752 961 2794 a.
979 2729 1063 2795 1528
1078 2734 1153 2795 dixit
1163 2734 1296 2794 Andreas

150 2839 320 2902 Cratander.
356 2841 417 2903 lam
446 2859 515 2903 vero
548 2845 636 2903 ctiam
669 2842 801 2903 codicem
829 2840 974 2902 Venetam
1003 2839 1034 2902 Μ
1064 2860 1100 2901 cx
1128 2840 1296 2921 Capnioneo

150 2946 333 3028 descriptum
352 2968 417 3010 esse
437 2951 513 3011 inira
532 2949 751 3010 demonstrabo.
784 2948 865 3019 Quae
884 2967 953 3009 cnm
972 2949 1012 3009 ita
1031 2949 1104 3028 sint,
1123 2948 1297 3028 deperditus

151 3071 210 3131 qno
234 3053 478 3135 Oecolampadius
501 3075 575 3118 usus
598 3066 644 3117 est
668 3056 769 3135 Cyrilli
792 3055 885 3116 codex
910 3054 1020 3116 saeculi
1038 3053 1296 3124 tlt.-xtlt.,inn.

151 3158 243 3220 luisse
267 3160 442 3221 statuendus
466 3170 519 3221 est.

239 3266 301 3327 lam
323 3286 393 3328 vero
422 3267 567 3346 agendum
591 3268 676 3329 nobis
704 3268 740 3329 de
764 3270 800 3329 iis
824 3268 925 3348 Cyrilli
948 3265 1114 3347 codicibus,
1134 3270 1185 3346 qui
1208 3270 1297 3329 ctiam

151 3391 231 3434 nunc
250 3383 367 3436 exstant
384 3376 415 3434 in
430 3373 529 3435 ltaliae
544 3375 680 3436 lustriae
695 3375 869 3436 Germaniae
884 3374 1053 3435 Britanniae
1069 3372 1178 3433 Galbae
1191 3372 1295 3455 Hispa-

149 3470 268 3542 niarum
290 3479 486 3542 bibliothecis.
1339 3535 1340 3539 ,

242 3583 275 3669 1)
300 3586 332 3649 Μ
352 3596 398 3649 est
416 3589 509 3649 codex
527 3583 696 3649 Venatus
714 3583 930 3649 Marcianus
948 3582 1027 3669 123,
1049 3589 1080 3648 iu
1099 3587 1158 3670 tol,
1175 3586 1296 3672 bomby-

150 3698 251 3778 cinus,
273 3693 322 3756 lol.
346 3692 419 3759 153.
443 3714 518 3757 saec.
541 3694 616 3756 Xlll.
649 3695 787 3756 Continet
810 3713 832 3754 s.
856 3693 957 3773 Cyrilli
979 3692 1060 3755 Alex.
1084 3704 1187 3758 contra
1210 3697 1295 3758 lulia-

150 3821 224 3863 num
250 3800 342 3862 libros
369 3801 473 3863 decem
500 3821 568 3863 cum
591 3805 752 3882 prooemio.
793 3802 835 3862 De
864 3821 922 3881 quo
946 3803 1048 3863 codice
1071 3822 1096 3863 v.
1120 3802 1295 3884 Zanettium,

151 3909 263 3970 Graeca
288 3907 319 3967 D.
339 3908 430 3970 Marci
453 3907 630 3970 bibliotheca
651 3929 679 3989 p.
701 3907 751 3970 71.
788 3908 895 3971 Totum
916 3909 1049 3969 codicem
1068 3927 1092 3969 a.
1114 3906 1198 3971 1878
1221 3919 1295 3971 tem·

150 4034 225 4096 pore
247 4015 378 4095 paschali
400 4019 464 4096 ipse
487 4016 617 4077 Venetiis
642 4034 709 4077 cum
733 4016 862 4077 editione
881 4016 1026 4095 Miguiaua
1051 4011 1168 4095 (patrol.
1192 4015 1294 4078 Graec.

150 4123 206 4184 vol.
228 4117 284 4206 76)
304 4122 423 4184 contuli.
461 4121 591 4184 Litterae
608 4142 627 4183 τ
647 4142 709 4183 eam
730 4125 902 4202 saepissime
921 4121 1045 4202 praebet
1062 4123 1195 4202 iormam,
1218 4141 1293 4202 quae

150 4232 182 4291 in
206 4229 316 4303 tabulis
334 4229 576 4290 Gardthausianis
599 4232 729 4310 primum
747 4232 778 4290 iu
797 4230 898 4291 codice
918 4246 942 4288 a.
964 4225 1047 4289 1231
1073 4238 1224 4308 comparet
1242 4222 1294 4310 (cl.

151 4335 273 4396 Gardth.
296 4335 314 4394 l.
338 4335 357 4396 l.
380 4334 438 4396 tab.
462 4329 506 4418 9).
543 4335 611 4397 Fuit
634 4336 727 4397 codex
751 4335 900 4416 quondam
923 4334 1079 4395 cardinalis
1099 4335 1294 4418 Bessariouis,

151 4444 203 4522 (μή
226 4444 257 4502 in
281 4444 413 4521 margine
436 4442 542 4523 multa,
565 4445 595 4502 in
619 4443 779 4504 verborum
802 4450 942 4504 contextu
965 4460 1113 4524 perpauca
1137 4443 1294 4528 adnotavit,
