2926 5040
502 320 543 375 De
562 320 664 374 Iuliani
683 319 817 376 librorum
835 322 908 376 fatis.
1236 321 1278 386 23

128 499 175 550 est
190 489 352 568 Seleuciae,
371 488 499 548 efficitur
519 505 554 546 eo
573 495 706 566 tempore
726 489 870 566 integram
891 489 981 548 luisse
1002 491 1089 549 etiam
1105 489 1277 569 Ctesiphon-

128 605 202 676 tem3
230 614 318 674 quam
346 613 426 655 nunc
454 594 661 669 contendimus
689 602 740 654 aut
768 603 894 655 exeunte
923 614 999 655 anno
1028 592 1094 657 410
1123 604 1173 656 aut
1201 616 1277 657 anno

128 700 192 763 411
224 702 269 763 vel
292 699 357 762 412
385 709 526 761 vastatam
555 719 629 762 esse.
666 700 769 779 Neque
799 704 878 761 enim
905 704 1063 780 quicquam
1092 712 1277 783 compertum

127 809 271 870 habemus
300 807 336 868 de
360 808 453 868 altero
481 807 558 867 bello
587 810 729 868 intestino
759 810 795 867 iis
819 809 1002 888 temporibus
1031 818 1147 891 coorto,
1176 829 1276 888 quam-

128 914 216 995 quam
235 935 293 976 non
313 919 352 975 ita
371 917 456 975 tenui
469 933 573 975 eornm
593 924 759 994 temporum
775 917 877 975 notitia
898 917 1036 976 instructi
1056 933 1166 976 sumus.
1197 917 1276 995 Ergo

127 1026 248 1103 scripsit
270 1023 416 1083 Macarius
444 1021 535 1082 libros
564 1041 634 1082 snos
662 1030 729 1102 post
757 1040 867 1082 annum
890 1020 964 1083 410.
1006 1023 1150 1084 Remanet
1177 1032 1277 1083 autem

126 1131 284 1211 difficultas
309 1148 355 1211 ea,
379 1129 457 1208 quod
482 1148 603 1189 revera
627 1147 695 1189 eum
714 1129 751 1189 de
775 1137 874 1189 vetere
894 1129 1042 1210 Babylone
1065 1131 1154 1191 verba
1178 1133 1275 1192 lacere

127 1257 164 1298 ex
193 1236 393 1316 descriptione
421 1237 504 1297 urbis
533 1245 663 1316 apparet.
708 1236 751 1295 Εο
783 1239 875 1315 igitur
907 1239 938 1296 in
966 1257 1098 1298 errorem
1126 1239 1276 1320 inductor,

126 1345 205 1424 qnod
224 1343 383 1423 Ctesiphon
405 1353 474 1404 tuno
493 1345 665 1422 saepissime
684 1340 836 1420 diceretur
854 1343 996 1426 Babylon,
1016 1365 1048 1405 re
1069 1364 1136 1405 vera
1156 1355 1274 1424 putasse

126 1451 294 1512 censendus
322 1459 368 1511 est
394 1449 573 1529 Babylonem
602 1457 674 1510 tunc
706 1458 847 1510 vastatam
876 1470 951 1511 esse.
994 1451 1078 1522 Quod
1108 1461 1206 1513 autem
1234 1455 1274 1512 ita

126 1577 228 1618 errare
256 1577 293 1618 ne
323 1560 349 1617 is
378 1558 496 1636 quidem
525 1558 636 1636 potuit,
665 1559 715 1634 qui
743 1558 773 1616 in
798 1557 881 1636 Syria
910 1560 999 1618 vitam
1023 1559 1157 1639 degeret,
1187 1561 1274 1619 etiam

124 1684 161 1725 eo
186 1666 333 1725 relutatur
351 1664 512 1725 Dnohesnii
536 1666 720 1744 coniectura,
745 1682 832 1741 qnam
851 1663 979 1725 Zabnius
1003 1665 1020 1726 l.
1040 1665 1056 1725 l.
1081 1685 1109 1744 p.
1128 1663 1193 1726 452
1217 1669 1274 1726 iam

126 1773 293 1851 redarguit,
326 1771 536 1851 comprobatur
568 1769 723 1850 Lequienii
753 1774 899 1831 sententia
933 1791 948 1831 a
976 1772 1115 1832 Moellero
1149 1781 1179 1833 et
1211 1776 1275 1853 ipso

23 1939 31 1949 ,
125 1879 237 1938 Zabnio
257 1887 387 1959 accepta,
407 1880 497 1940 luisse
512 1878 671 1939 Macarium
688 1880 859 1958 episcopum
874 1878 1038 1958 Magnesiae
1053 1898 1145 1959 prope
1160 1880 1274 1940 Maean·

124 1985 213 2046 drum
238 1988 318 2047 sitae.

593 2107 807 2114 ——--—.--.

214 2217 274 2276 lam
284 2236 354 2277 vero
365 2217 401 2276 de
413 2217 519 2277 studiis
529 2210 1272 2298 lulianeisTheodoriMopsuesteniagamus

126 2326 260 2396 Quorum
276 2326 489 2383 accuratiorem
509 2325 641 2383 notitiam
661 2325 790 2383 assecuti
813 2331 883 2384 sunt
903 2326 957 2383 viri
978 2323 1056 2384 docti
1080 2344 1156 2385 anno
1179 2324 1273 2408 1788,

124 2451 183 2511 qno
211 2431 381 2491 Fridericus
404 2430 578 2491 Muenterns
605 2433 634 2490 in
663 2430 731 2490 libri
755 2432 806 2510 qui
836 2429 1010 2492 inscribitur
1033 2433 1195 2510 fragmenta
1223 2453 1272 2513 pa-

124 2550 205 2599 trum
239 2538 419 2597 Graecorum
455 2536 594 2597 lasciculo
627 2540 723 2617 primo
750 2537 873 2597 Hafniae
902 2537 980 2598 edito
1012 2558 1040 2618 p.
1066 2537 1107 2598 72
1127 2557 1190 2618 sqq.
1221 2560 1270 2601 sex

123 2647 216 2707 edidit
235 2645 381 2705 Theodori
408 2646 570 2723 fragmenta
589 2663 663 2723 quae
687 2647 903 2725 „exscripserat
926 2646 956 2703 in
979 2643 1155 2706 bibliotheca
1175 2646 1271 2707 Corsi-

123 2756 209 2813 niana
233 2752 341 2812 Romae
367 2771 401 2811 ex
426 2751 593 2830 apographo
617 2752 672 2810 viri
696 2750 850 2811 cuiusdam
873 2751 968 2831 docti,
997 2770 1084 2830 quem
1108 2752 1271 2831 Fogginum

122 2861 215 2919 luisse
240 2861 420 2938 suspicatur,
444 2867 559 2936 sumpta
582 2876 618 2916 eu
643 2857 744 2917 codice
764 2857 895 2919 Palatino
916 2855 970 2916 XX
993 2868 1126 2918 catenam
1149 2860 1271 2920 Petrum

121 2968 152 3026 in
171 2963 280 3025 Lucam
305 2958 488 3024 exhibente“.
521 2964 562 3023 Ac
581 2966 677 3043 primo
697 2963 816 3043 quidem
837 2965 1000 3042 fragmento
1020 2969 1181 3044 praemissa
1201 2976 1271 3027 sunt

121 3070 211 3132 verba
235 3072 319 3141 baec:
344 3068 518 3146 Θεοδώρου
543 3069 768 3146 Μοψουεετία(
792 3070 828 3132 ἐκ
850 3074 906 3147 τῆ(
929 3069 1010 3147 πρὸ(
1033 3070 1073 3132 τὰ
1096 3071 1175 3155 κατὰ
1200 3072 1270 3149 Χρι-

121 3179 258 3239 (τιανῶν
277 3175 467 3253 κατηγορία(
482 3173 689 3259 Ἰουλιάνοοῑ)
708 3180 766 3239 τοῦ
786 3175 982 3255 παραβάτου.
1010 3178 1034 3237 Ε
1050 3178 1158 3257 quibus
1174 3181 1272 3240 effecit

121 3285 295 3345 Muenterns
323 3287 477 3362 scripsisse
506 3284 696 3344 Theodorum
724 3261 966 3364 Mopsuestenum
995 3295 1098 3344 contra
1126 3284 1270 3345 lulianum

121 3391 244 3473 librum,
275 3394 326 3470 qui
349 3394 511 3470 inscriptus
540 3401 619 3452 esset
643 3389 817 3467 Θεοδώρου
843 3389 1067 3467 Μοψοοεετία(
1098 3389 1271 3467 κατηγορία

122 3497 203 3574 πρὸ(
226 3496 266 3558 τὰ
293 3496 372 3558 κατὰ
392 3497 586 3573 Χριετιανῶν
610 3492 815 3581 Ἰουλιάνουῖ)
844 3501 902 3560 τοῦ
926 3495 1121 3574 παραβάτου.
1168 3500 1271 3577 Neque

125 3614 223 3665 tamen
242 3608 282 3665 ita
301 3605 423 3665 inscribi
442 3607 546 3684 potuit.
583 3605 686 3683 Neque
707 3608 785 3665 enim
805 3608 985 3665 accusationi
1004 3605 1096 3679 locus,
1121 3606 1172 3665 sed
1193 3608 1271 3666 relu-

125 3714 234 3773 tatione
259 3731 333 3790 opus
362 3720 433 3772 erat.
471 3711 555 3782 Quod
584 3722 682 3772 autem
714 3714 832 3771 maximi
859 3714 1001 3772 momenti
1030 3721 1088 3772 est:
1116 3731 1175 3771 non
1204 3731 1269 3790 per-

123 3821 245 3879 mittunt
271 3818 388 3897 linguae
412 3819 539 3878 Graecae
569 3822 714 3899 rationes,
743 3828 777 3878 ut
804 3821 1023 3896 coniungantur
1050 3837 1137 3878 voces
1167 3820 1206 3877 ita
1236 3825 1269 3877 ut

124 3926 215 3985 voluit
239 3924 420 3985 Muenterns.
464 3925 613 3985 Concedet
641 3933 738 3985 autem
768 3928 972 4003 unusquisque
1001 3932 1175 4003 corruptum
1205 3942 1269 3985 esse

124 4034 221 4093 locum
246 4050 342 4110 neque
368 4032 485 4110 negabit
512 4032 661 4091 lenissima
692 4034 853 4092 mutatione
878 4032 1067 4092 scribendum
1096 4050 1161 4090 esse
1190 4030 1270 4106 πρὸ(

123 4138 188 4200 τὰ(
217 4136 297 4199 κατὰ
327 4137 520 4214 Χριετιανῶν
549 4135 745 4214 κατηγορίας.
792 4139 877 4198 Tunc
906 4158 974 4198 sane
1003 4139 1088 4199 deest
1115 4142 1269 4218 genetivus

193 4368 220 4433 1)
241 4364 334 4418 Scribe
355 4367 509 4418 Ἰουλιανοῠ.

193 4458 220 4522 2)
241 4452 282 4508 cf.
301 4469 372 4522 quae
391 4470 474 4523 supra
493 4453 633 4509 adnotavi.
