<?xml version="1.0" encoding="UTF-8"?>
<!DOCTYPE html PUBLIC "-//W3C//DTD XHTML 1.0 Transitional//EN"
    "http://www.w3.org/TR/xhtml1/DTD/xhtml1-transitional.dtd">
<html xmlns="http://www.w3.org/1999/xhtml" xml:lang="en" lang="en">
 <head>
  <title>
</title>
<meta http-equiv="Content-Type" content="text/html;charset=utf-8" />
  <meta name='ocr-system' content='tesseract 3.04.00' />
  <meta name='ocr-capabilities' content='ocr_page ocr_carea ocr_par ocr_line ocrx_word'/>
</head>
<body>
  <div class='ocr_page' id='page_1' title='image "./iulianiimperato00neumgoog_0151.png"; bbox 0 0 2926 5040; ppageno 0'>
   <div class='ocr_carea' id='block_1_1' title="bbox 469 1080 1099 1301">
    <p class='ocr_par' dir='ltr' id='par_1_1' title="bbox 469 1080 1099 1301">
     <span class='ocr_line' id='line_1_1' title="bbox 678 1080 889 1174; baseline -0.014 -20"><span class='ocrx_word' id='word_1_1' title='bbox 678 1080 799 1174; x_wconf 79' lang='lat' dir='ltr'><strong>Caput</strong></span> <span class='ocrx_word' id='word_1_2' title='bbox 825 1080 889 1152; x_wconf 92' lang='grc' dir='ltr'><strong>ΠΙ.</strong></span> 
     </span>
     <span class='ocr_line' id='line_1_2' title="bbox 469 1225 1099 1301; baseline 0 -3"><span class='ocrx_word' id='word_1_3' title='bbox 469 1229 516 1301; x_wconf 80' lang='lat' dir='ltr'><strong>lie</strong></span> <span class='ocrx_word' id='word_1_4' title='bbox 543 1228 671 1299; x_wconf 83' lang='lat' dir='ltr'><strong>Iuliani</strong></span> <span class='ocrx_word' id='word_1_5' title='bbox 697 1225 813 1298; x_wconf 87' lang='lat' dir='ltr'><strong>uerbis</strong></span> <span class='ocrx_word' id='word_1_6' title='bbox 841 1226 1099 1298; x_wconf 73' lang='lat' dir='ltr'><strong>constituendis.</strong></span> 
     </span>
    </p>
   </div>
   <div class='ocr_carea' id='block_1_2' title="bbox 126 1396 1367 2556">
    <p class='ocr_par' dir='ltr' id='par_1_2' title="bbox 126 1396 1367 2556">
     <span class='ocr_line' id='line_1_3' title="bbox 302 1396 1361 1491; baseline -0.002 -24"><span class='ocrx_word' id='word_1_7' title='bbox 302 1407 368 1487; x_wconf 90' lang='lat' dir='ltr'><strong>lpse</strong></span> <span class='ocrx_word' id='word_1_8' title='bbox 383 1396 482 1487; x_wconf 86' lang='lat' dir='ltr'><strong>operis</strong></span> <span class='ocrx_word' id='word_1_9' title='bbox 497 1405 620 1467; x_wconf 84' lang='lat' dir='ltr'><strong>hilianei</strong></span> <span class='ocrx_word' id='word_1_10' title='bbox 635 1404 736 1486; x_wconf 80' lang='lat' dir='ltr'><strong>codex,</strong></span> <span class='ocrx_word' id='word_1_11' title='bbox 756 1422 815 1484; x_wconf 88' lang='lat' dir='ltr'><strong>quc</strong></span> <span class='ocrx_word' id='word_1_12' title='bbox 834 1423 907 1465; x_wconf 90' lang='lat' dir='ltr'><strong>usus</strong></span> <span class='ocrx_word' id='word_1_13' title='bbox 927 1412 974 1465; x_wconf 87' lang='lat' dir='ltr'><strong>est</strong></span> <span class='ocrx_word' id='word_1_14' title='bbox 992 1403 1119 1484; x_wconf 79' lang='lat' dir='ltr'><strong>Cyrillus</strong></span> <span class='ocrx_word' id='word_1_15' title='bbox 1133 1403 1361 1491; x_wconf 72' lang='lat' dir='ltr'><strong>Alexandrinus,</strong></span> 
     </span>
     <span class='ocr_line' id='line_1_4' title="bbox 126 1511 1362 1595; baseline 0.001 -21"><span class='ocrx_word' id='word_1_16' title='bbox 126 1527 127 1530; x_wconf 73' lang='grc'>’</span> <span class='ocrx_word' id='word_1_17' title='bbox 213 1534 272 1575; x_wconf 88' lang='lat' dir='ltr'><strong>nou</strong></span> <span class='ocrx_word' id='word_1_18' title='bbox 291 1516 411 1574; x_wconf 85' lang='lat' dir='ltr'><strong>omnino</strong></span> <span class='ocrx_word' id='word_1_19' title='bbox 431 1512 620 1573; x_wconf 77' lang='lat' dir='ltr'><strong>librariorum</strong></span> <span class='ocrx_word' id='word_1_20' title='bbox 639 1511 755 1572; x_wconf 89' lang='lat' dir='ltr'><strong>mendis</strong></span> <span class='ocrx_word' id='word_1_21' title='bbox 773 1529 892 1572; x_wconf 84' lang='lat' dir='ltr'><strong>vacasse</strong></span> <span class='ocrx_word' id='word_1_22' title='bbox 912 1512 1088 1573; x_wconf 84' lang='lat' dir='ltr'><strong>statuendus</strong></span> <span class='ocrx_word' id='word_1_23' title='bbox 1107 1520 1162 1594; x_wconf 86' lang='lat' dir='ltr'><strong>est,</strong></span> <span class='ocrx_word' id='word_1_24' title='bbox 1182 1531 1362 1595; x_wconf 84' lang='lat' dir='ltr'><strong>quamquam</strong></span> 
     </span>
     <span class='ocr_line' id='line_1_5' title="bbox 213 1615 1362 1704; baseline 0.002 -23"><span class='ocrx_word' id='word_1_25' title='bbox 213 1620 292 1700; x_wconf 89' lang='lat' dir='ltr'><strong>quod</strong></span> <span class='ocrx_word' id='word_1_26' title='bbox 316 1623 347 1680; x_wconf 89' lang='lat' dir='ltr'><strong>in</strong></span> <span class='ocrx_word' id='word_1_27' title='bbox 365 1620 464 1681; x_wconf 89' lang='lat' dir='ltr'><strong>verbis</strong></span> <span class='ocrx_word' id='word_1_28' title='bbox 483 1620 518 1681; x_wconf 86' lang='lat' dir='ltr'><strong>ab</strong></span> <span class='ocrx_word' id='word_1_29' title='bbox 538 1619 594 1680; x_wconf 90' lang='lat' dir='ltr'><strong>hoc</strong></span> <span class='ocrx_word' id='word_1_30' title='bbox 613 1639 642 1699; x_wconf 91' lang='lat' dir='ltr'><strong>p.</strong></span> <span class='ocrx_word' id='word_1_31' title='bbox 659 1615 732 1680; x_wconf 72' lang='lat'><strong>690</strong></span> <span class='ocrx_word' id='word_1_32' title='bbox 752 1621 876 1679; x_wconf 84' lang='lat' dir='ltr'><strong>servatis</strong></span> <span class='ocrx_word' id='word_1_33' title='bbox 900 1617 1018 1680; x_wconf 86' lang='lat' dir='ltr'><strong>videtur</strong></span> <span class='ocrx_word' id='word_1_34' title='bbox 1037 1620 1267 1699; x_wconf 86' lang='lat' dir='ltr'><strong>vituperandum</strong></span> <span class='ocrx_word' id='word_1_35' title='bbox 1286 1641 1362 1704; x_wconf 86' lang='lat' dir='ltr'><strong>esse,</strong></span> 
     </span>
     <span class='ocr_line' id='line_1_6' title="bbox 212 1724 1362 1808; baseline 0.003 -21"><span class='ocrx_word' id='word_1_36' title='bbox 212 1734 315 1788; x_wconf 84' lang='lat' dir='ltr'><strong>utrum</strong></span> <span class='ocrx_word' id='word_1_37' title='bbox 338 1726 458 1787; x_wconf 79' lang='lat' dir='ltr'><strong>librario</strong></span> <span class='ocrx_word' id='word_1_38' title='bbox 478 1746 515 1787; x_wconf 82' lang='lat' dir='ltr'><strong>uu</strong></span> <span class='ocrx_word' id='word_1_39' title='bbox 533 1729 591 1806; x_wconf 91' lang='lat' dir='ltr'><strong>ipsi</strong></span> <span class='ocrx_word' id='word_1_40' title='bbox 609 1724 722 1786; x_wconf 81' lang='lat' dir='ltr'><strong>iuliano</strong></span> <span class='ocrx_word' id='word_1_41' title='bbox 746 1724 937 1787; x_wconf 86' lang='lat' dir='ltr'><strong>tribuendum</strong></span> <span class='ocrx_word' id='word_1_42' title='bbox 961 1727 1000 1787; x_wconf 88' lang='lat' dir='ltr'><strong>sit</strong></span> <span class='ocrx_word' id='word_1_43' title='bbox 1022 1727 1053 1786; x_wconf 90' lang='lat' dir='ltr'><strong>iu</strong></span> <span class='ocrx_word' id='word_1_44' title='bbox 1073 1727 1171 1787; x_wconf 90' lang='lat' dir='ltr'><strong>medic</strong></span> <span class='ocrx_word' id='word_1_45' title='bbox 1190 1728 1362 1808; x_wconf 87' lang='lat' dir='ltr'><strong>relinquen·</strong></span> 
     </span>
     <span class='ocr_line' id='line_1_7' title="bbox 213 1831 1365 1917; baseline 0.003 -22"><span class='ocrx_word' id='word_1_46' title='bbox 213 1835 284 1895; x_wconf 88' lang='lat' dir='ltr'><strong>dum</strong></span> <span class='ocrx_word' id='word_1_47' title='bbox 307 1841 361 1894; x_wconf 89' lang='lat' dir='ltr'><strong>est.</strong></span> <span class='ocrx_word' id='word_1_48' title='bbox 402 1833 474 1893; x_wconf 85' lang='lat' dir='ltr'><strong>Nam</strong></span> <span class='ocrx_word' id='word_1_49' title='bbox 494 1832 625 1897; x_wconf 88' lang='lat' dir='ltr'><strong>lulianus</strong></span> <span class='ocrx_word' id='word_1_50' title='bbox 649 1849 717 1892; x_wconf 87' lang='lat' dir='ltr'><strong>cum</strong></span> <span class='ocrx_word' id='word_1_51' title='bbox 741 1831 865 1892; x_wconf 81' lang='lat' dir='ltr'><strong>dixisset</strong></span> <span class='ocrx_word' id='word_1_52' title='bbox 887 1850 991 1893; x_wconf 87' lang='lat' dir='ltr'><strong>omnes</strong></span> <span class='ocrx_word' id='word_1_53' title='bbox 1014 1832 1150 1917; x_wconf 84' lang='lat' dir='ltr'><strong>homiues</strong></span> <span class='ocrx_word' id='word_1_54' title='bbox 1170 1834 1288 1896; x_wconf 86' lang='lat' dir='ltr'><strong>caelum</strong></span> <span class='ocrx_word' id='word_1_55' title='bbox 1313 1846 1365 1899; x_wconf 85' lang='lat' dir='ltr'><strong>aut</strong></span> 
     </span>
     <span class='ocr_line' id='line_1_8' title="bbox 213 1932 1365 2023; baseline 0.005 -22"><span class='ocrx_word' id='word_1_56' title='bbox 213 1941 300 2002; x_wconf 86' lang='lat' dir='ltr'><strong>deuur</strong></span> <span class='ocrx_word' id='word_1_57' title='bbox 320 1940 419 2001; x_wconf 84' lang='lat' dir='ltr'><strong>dicere</strong></span> <span class='ocrx_word' id='word_1_58' title='bbox 443 1947 494 2001; x_wconf 82' lang='lat' dir='ltr'><strong>aut</strong></span> <span class='ocrx_word' id='word_1_59' title='bbox 513 1939 560 1999; x_wconf 90' lang='lat' dir='ltr'><strong>dei</strong></span> <span class='ocrx_word' id='word_1_60' title='bbox 584 1938 699 1999; x_wconf 91' lang='lat' dir='ltr'><strong>sedem:</strong></span> <span class='ocrx_word' id='word_1_61' title='bbox 718 1934 856 2015; x_wconf 91' lang='grc' dir='ltr'>εἰκότως,</span> <span class='ocrx_word' id='word_1_62' title='bbox 880 1941 985 2020; x_wconf 87' lang='lat' dir='ltr'><strong>inquit,</strong></span> <span class='ocrx_word' id='word_1_63' title='bbox 1005 1932 1176 2023; x_wconf 87' lang='grc' dir='ltr'>(οὐρανόν)</span> <span class='ocrx_word' id='word_1_64' title='bbox 1201 1940 1279 2006; x_wconf 88' lang='grc' dir='ltr'>θεὸν</span> <span class='ocrx_word' id='word_1_65' title='bbox 1304 1944 1365 2007; x_wconf 86' lang='grc' dir='ltr'><strong>καὶ</strong></span> 
     </span>
     <span class='ocr_line' id='line_1_9' title="bbox 212 2044 1363 2128; baseline 0.003 -18"><span class='ocrx_word' id='word_1_66' title='bbox 212 2049 289 2110; x_wconf 85' lang='grc' dir='ltr'>θεοῦ</span> <span class='ocrx_word' id='word_1_67' title='bbox 314 2045 433 2124; x_wconf 87' lang='grc' dir='ltr'>θρόνον</span> <span class='ocrx_word' id='word_1_68' title='bbox 451 2044 623 2124; x_wconf 83' lang='grc' dir='ltr'>ὑπέλαβον.</span> <span class='ocrx_word' id='word_1_69' title='bbox 661 2046 742 2117; x_wconf 84' lang='lat' dir='ltr'>Quae</span> <span class='ocrx_word' id='word_1_70' title='bbox 762 2045 850 2106; x_wconf 84' lang='lat' dir='ltr'><strong>verba</strong></span> <span class='ocrx_word' id='word_1_71' title='bbox 874 2047 905 2105; x_wconf 92' lang='lat' dir='ltr'><strong>in</strong></span> <span class='ocrx_word' id='word_1_72' title='bbox 925 2046 1059 2126; x_wconf 86' lang='lat' dir='ltr'><strong>exemplo</strong></span> <span class='ocrx_word' id='word_1_73' title='bbox 1078 2065 1132 2107; x_wconf 88' lang='lat' dir='ltr'><strong>suo</strong></span> <span class='ocrx_word' id='word_1_74' title='bbox 1153 2047 1298 2128; x_wconf 82' lang='lat' dir='ltr'><strong>Cyrillum</strong></span> <span class='ocrx_word' id='word_1_75' title='bbox 1323 2052 1363 2113; x_wconf 88' lang='lat' dir='ltr'><strong>le-</strong></span> 
     </span>
     <span class='ocr_line' id='line_1_10' title="bbox 212 2150 1366 2234; baseline 0.004 -19"><span class='ocrx_word' id='word_1_76' title='bbox 212 2157 290 2234; x_wconf 84' lang='lat' dir='ltr'><strong>gisse</strong></span> <span class='ocrx_word' id='word_1_77' title='bbox 319 2156 388 2216; x_wconf 89' lang='lat' dir='ltr'><strong>iude</strong></span> <span class='ocrx_word' id='word_1_78' title='bbox 416 2152 611 2234; x_wconf 79' lang='lat' dir='ltr'><strong>intellegitur,</strong></span> <span class='ocrx_word' id='word_1_79' title='bbox 639 2153 718 2232; x_wconf 87' lang='lat' dir='ltr'><strong>quod</strong></span> <span class='ocrx_word' id='word_1_80' title='bbox 741 2173 769 2233; x_wconf 87' lang='lat' dir='ltr'><strong>p.</strong></span> <span class='ocrx_word' id='word_1_81' title='bbox 795 2150 875 2214; x_wconf 82' lang='grc' dir='ltr'><strong>7οΑ</strong></span> <span class='ocrx_word' id='word_1_82' title='bbox 903 2156 943 2214; x_wconf 73' lang='lat' dir='ltr'><strong>ita</strong></span> <span class='ocrx_word' id='word_1_83' title='bbox 971 2156 1001 2214; x_wconf 89' lang='lat' dir='ltr'><strong>in</strong></span> <span class='ocrx_word' id='word_1_84' title='bbox 1026 2154 1173 2216; x_wconf 86' lang='lat' dir='ltr'><strong>lulianum</strong></span> <span class='ocrx_word' id='word_1_85' title='bbox 1196 2158 1366 2221; x_wconf 85' lang='lat' dir='ltr'><strong>invehitur:</strong></span> 
     </span>
     <span class='ocr_line' id='line_1_11' title="bbox 212 2256 1365 2338; baseline 0.004 -15"><span class='ocrx_word' id='word_1_86' title='bbox 212 2260 322 2338; x_wconf 83' lang='grc' dir='ltr'>ἐπειδὴ</span> <span class='ocrx_word' id='word_1_87' title='bbox 347 2260 382 2323; x_wconf 89' lang='grc' dir='ltr'><strong>δέ</strong></span> <span class='ocrx_word' id='word_1_88' title='bbox 407 2279 510 2338; x_wconf 88' lang='grc' dir='ltr'>φηςιν,</span> <span class='ocrx_word' id='word_1_89' title='bbox 534 2259 567 2325; x_wconf 83' lang='grc' dir='ltr'><strong>ἐξ</strong></span> <span class='ocrx_word' id='word_1_90' title='bbox 592 2257 638 2322; x_wconf 87' lang='grc' dir='ltr'><strong>ὧν</strong></span> <span class='ocrx_word' id='word_1_91' title='bbox 662 2256 743 2322; x_wconf 85' lang='grc' dir='ltr'>εἰναι</span> <span class='ocrx_word' id='word_1_92' title='bbox 766 2256 912 2336; x_wconf 88' lang='grc' dir='ltr'>πέφυκεν</span> <span class='ocrx_word' id='word_1_93' title='bbox 935 2256 954 2322; x_wconf 86' lang='grc' dir='ltr'>ὁ</span> <span class='ocrx_word' id='word_1_94' title='bbox 978 2257 1130 2338; x_wconf 86' lang='grc' dir='ltr'>οὐρανός,</span> <span class='ocrx_word' id='word_1_95' title='bbox 1155 2259 1289 2326; x_wconf 89' lang='grc' dir='ltr'>εἰκότως</span> <span class='ocrx_word' id='word_1_96' title='bbox 1312 2284 1365 2328; x_wconf 88' lang='grc' dir='ltr'><strong>τε·</strong></span> 
     </span>
     <span class='ocr_line' id='line_1_12' title="bbox 213 2364 1367 2450; baseline 0.004 -19"><span class='ocrx_word' id='word_1_97' title='bbox 213 2366 385 2444; x_wconf 88' lang='grc' dir='ltr'>θαύμαςται</span> <span class='ocrx_word' id='word_1_98' title='bbox 404 2366 455 2430; x_wconf 91' lang='grc' dir='ltr'><strong>καὶ</strong></span> <span class='ocrx_word' id='word_1_99' title='bbox 473 2364 770 2444; x_wconf 87' lang='grc' dir='ltr'>ῦπείληπταιπαρὰ</span> <span class='ocrx_word' id='word_1_100' title='bbox 785 2368 853 2430; x_wconf 88' lang='grc' dir='ltr'>τοῖς</span> <span class='ocrx_word' id='word_1_101' title='bbox 876 2367 1011 2430; x_wconf 83' lang='grc' dir='ltr'>πολλοῖς</span> <span class='ocrx_word' id='word_1_102' title='bbox 1030 2365 1093 2430; x_wconf 88' lang='grc' dir='ltr'><strong>καὶ</strong></span> <span class='ocrx_word' id='word_1_103' title='bbox 1111 2366 1185 2432; x_wconf 85' lang='grc' dir='ltr'>θεὸς</span> <span class='ocrx_word' id='word_1_104' title='bbox 1204 2367 1367 2450; x_wconf 85' lang='grc' dir='ltr'>ὑπάρχειν</span> 
     </span>
     <span class='ocr_line' id='line_1_13' title="bbox 213 2469 1365 2556; baseline 0.007 -20"><span class='ocrx_word' id='word_1_105' title='bbox 213 2472 273 2536; x_wconf 86' lang='grc' dir='ltr'><strong>καὶ</strong></span> <span class='ocrx_word' id='word_1_106' title='bbox 290 2478 367 2538; x_wconf 85' lang='grc' dir='ltr'>θεοῦ</span> <span class='ocrx_word' id='word_1_107' title='bbox 386 2473 510 2553; x_wconf 83' lang='grc' dir='ltr'>θρόνος,</span> <span class='ocrx_word' id='word_1_108' title='bbox 530 2473 702 2537; x_wconf 90' lang='grc' dir='ltr'>διδαςκέτω</span> <span class='ocrx_word' id='word_1_109' title='bbox 722 2472 902 2551; x_wconf 89' lang='grc' dir='ltr'>παρελθὼν,</span> <span class='ocrx_word' id='word_1_110' title='bbox 927 2469 954 2535; x_wconf 93' lang='grc' dir='ltr'><strong>εἰ</strong></span> <span class='ocrx_word' id='word_1_111' title='bbox 972 2470 1091 2535; x_wconf 89' lang='grc' dir='ltr'>ταύτὸν</span> <span class='ocrx_word' id='word_1_112' title='bbox 1111 2470 1192 2539; x_wconf 86' lang='grc' dir='ltr'>εἶναι</span> <span class='ocrx_word' id='word_1_113' title='bbox 1213 2476 1365 2556; x_wconf 89' lang='grc' dir='ltr'>νενόμικε</span> 
     </span>
    </p>
   </div>
   <div class='ocr_carea' id='block_1_3' title="bbox 212 2575 1368 2986">
    <p class='ocr_par' dir='ltr' id='par_1_3' title="bbox 212 2575 1368 2986">
     <span class='ocr_line' id='line_1_14' title="bbox 213 2575 1366 2665; baseline 0.007 -23"><span class='ocrx_word' id='word_1_114' title='bbox 213 2580 264 2643; x_wconf 84' lang='grc' dir='ltr'><strong>καὶ</strong></span> <span class='ocrx_word' id='word_1_115' title='bbox 287 2581 323 2643; x_wconf 87' lang='grc' dir='ltr'><strong>ἐν</strong></span> <span class='ocrx_word' id='word_1_116' title='bbox 345 2578 403 2664; x_wconf 88' lang='grc' dir='ltr'><strong>ἰςῳ</strong></span> <span class='ocrx_word' id='word_1_117' title='bbox 426 2580 523 2658; x_wconf 94' lang='grc' dir='ltr'>τίθηςι</span> <span class='ocrx_word' id='word_1_118' title='bbox 547 2581 651 2662; x_wconf 87' lang='grc' dir='ltr'>μέτρῳ</span> <span class='ocrx_word' id='word_1_119' title='bbox 674 2578 714 2642; x_wconf 89' lang='grc' dir='ltr'><strong>τὰ</strong></span> <span class='ocrx_word' id='word_1_120' title='bbox 738 2576 794 2642; x_wconf 80' lang='grc' dir='ltr'><strong>ἐπ’</strong></span> <span class='ocrx_word' id='word_1_121' title='bbox 815 2577 950 2657; x_wconf 82' lang='grc' dir='ltr'>ἀμφοῖν·</span> <span class='ocrx_word' id='word_1_122' title='bbox 973 2575 1050 2642; x_wconf 79' lang='grc' dir='ltr'>ἀλλ’</span> <span class='ocrx_word' id='word_1_123' title='bbox 1072 2578 1131 2643; x_wconf 85' lang='grc' dir='ltr'><strong>οιίκ</strong></span> <span class='ocrx_word' id='word_1_124' title='bbox 1154 2579 1195 2644; x_wconf 87' lang='grc' dir='ltr'><strong>ἂν</strong></span> <span class='ocrx_word' id='word_1_125' title='bbox 1219 2581 1366 2665; x_wconf 89' lang='grc' dir='ltr'>οἰηθείην</span> 
     </span>
     <span class='ocr_line' id='line_1_15' title="bbox 213 2684 1367 2766; baseline 0.007 -17"><span class='ocrx_word' id='word_1_126' title='bbox 213 2687 345 2750; x_wconf 88' lang='grc' dir='ltr'>πώποτε</span> <span class='ocrx_word' id='word_1_127' title='bbox 369 2687 449 2765; x_wconf 88' lang='grc' dir='ltr'>πρὸς</span> <span class='ocrx_word' id='word_1_128' title='bbox 473 2690 569 2751; x_wconf 88' lang='grc' dir='ltr'>τοῦτο</span> <span class='ocrx_word' id='word_1_129' title='bbox 594 2686 693 2751; x_wconf 86' lang='grc' dir='ltr'>αὐτόν</span> <span class='ocrx_word' id='word_1_130' title='bbox 717 2684 915 2765; x_wconf 79' lang='grc' dir='ltr'>ἀποπληξίας</span> <span class='ocrx_word' id='word_1_131' title='bbox 939 2686 1059 2766; x_wconf 88' lang='grc' dir='ltr'>ἐλθεῖν,</span> <span class='ocrx_word' id='word_1_132' title='bbox 1080 2686 1124 2751; x_wconf 82' lang='grc' dir='ltr'><strong>ὡς</strong></span> <span class='ocrx_word' id='word_1_133' title='bbox 1148 2685 1216 2752; x_wconf 81' lang='grc' dir='ltr'>κατ’</span> <span class='ocrx_word' id='word_1_134' title='bbox 1239 2689 1367 2757; x_wconf 85' lang='grc' dir='ltr'>οὐδένα</span> 
     </span>
     <span class='ocr_line' id='line_1_16' title="bbox 212 2790 1368 2872; baseline 0.007 -16"><span class='ocrx_word' id='word_1_135' title='bbox 212 2793 336 2871; x_wconf 87' lang='grc' dir='ltr'>τρόπον</span> <span class='ocrx_word' id='word_1_136' title='bbox 351 2794 517 2872; x_wconf 80' lang='grc' dir='ltr'>διαφέρειν</span> <span class='ocrx_word' id='word_1_137' title='bbox 534 2790 653 2858; x_wconf 84' lang='grc' dir='ltr'>αἰεςθαι</span> <span class='ocrx_word' id='word_1_138' title='bbox 672 2793 710 2857; x_wconf 90' lang='grc' dir='ltr'><strong>τὸ</strong></span> <span class='ocrx_word' id='word_1_139' title='bbox 726 2791 806 2856; x_wconf 84' lang='grc' dir='ltr'>εἰναι</span> <span class='ocrx_word' id='word_1_140' title='bbox 821 2792 898 2858; x_wconf 89' lang='grc' dir='ltr'>θεὸν</span> <span class='ocrx_word' id='word_1_141' title='bbox 916 2793 967 2857; x_wconf 89' lang='grc' dir='ltr'>καί</span> <span class='ocrx_word' id='word_1_142' title='bbox 985 2791 1105 2872; x_wconf 88' lang='grc' dir='ltr'>θρόνον</span> <span class='ocrx_word' id='word_1_143' title='bbox 1119 2798 1206 2859; x_wconf 92' lang='grc' dir='ltr'>θεοῦ.</span> <span class='ocrx_word' id='word_1_144' title='bbox 1236 2799 1368 2864; x_wconf 86' lang='lat' dir='ltr'><strong>Rectius</strong></span> 
     </span>
     <span class='ocr_line' id='line_1_17' title="bbox 213 2899 1367 2986; baseline 0.005 -22"><span class='ocrx_word' id='word_1_145' title='bbox 213 2905 277 2964; x_wconf 88' lang='lat' dir='ltr'><strong>sinc</strong></span> <span class='ocrx_word' id='word_1_146' title='bbox 306 2902 395 2963; x_wconf 89' lang='lat' dir='ltr'><strong>dubio</strong></span> <span class='ocrx_word' id='word_1_147' title='bbox 424 2921 455 2963; x_wconf 93' lang='lat' dir='ltr'><strong>se</strong></span> <span class='ocrx_word' id='word_1_148' title='bbox 484 2902 627 2963; x_wconf 84' lang='lat' dir='ltr'><strong>haberent</strong></span> <span class='ocrx_word' id='word_1_149' title='bbox 656 2901 745 2964; x_wconf 85' lang='lat' dir='ltr'><strong>verba</strong></span> <span class='ocrx_word' id='word_1_150' title='bbox 777 2900 853 2964; x_wconf 90' lang='grc' dir='ltr'>θεὸν</span> <span class='ocrx_word' id='word_1_151' title='bbox 880 2901 900 2979; x_wconf 84' lang='grc' dir='ltr'>ἢ</span> <span class='ocrx_word' id='word_1_152' title='bbox 929 2903 1006 2964; x_wconf 88' lang='grc' dir='ltr'>θεοῦ</span> <span class='ocrx_word' id='word_1_153' title='bbox 1034 2899 1154 2980; x_wconf 91' lang='grc' dir='ltr'>θρόνον</span> <span class='ocrx_word' id='word_1_154' title='bbox 1181 2901 1367 2986; x_wconf 54' lang='grc' dir='ltr'><strong>ὑπέλαβονὁ</strong></span> 
     </span>
    </p>
   </div>
   <div class='ocr_carea' id='block_1_4' title="bbox 213 2957 1368 3076">
    <p class='ocr_par' dir='ltr' id='par_1_4' title="bbox 213 2957 1368 3076">
     <span class='ocr_line' id='line_1_18' title="bbox 213 2957 1368 3076; baseline 0.004 -5"><span class='ocrx_word' id='word_1_155' title='bbox 213 3010 265 3071; x_wconf 89' lang='lat' dir='ltr'><strong>sed</strong></span> <span class='ocrx_word' id='word_1_156' title='bbox 284 3029 352 3071; x_wconf 91' lang='lat' dir='ltr'><strong>cum</strong></span> <span class='ocrx_word' id='word_1_157' title='bbox 371 3012 401 3070; x_wconf 92' lang='lat' dir='ltr'><strong>in</strong></span> <span class='ocrx_word' id='word_1_158' title='bbox 420 3009 522 3070; x_wconf 87' lang='lat' dir='ltr'><strong>codice</strong></span> <span class='ocrx_word' id='word_1_159' title='bbox 541 3009 649 3071; x_wconf 84' lang='lat' dir='ltr'><strong>litteris</strong></span> <span class='ocrx_word' id='word_1_160' title='bbox 668 3009 839 3070; x_wconf 79' lang='lat' dir='ltr'><strong>maiusculis</strong></span> <span class='ocrx_word' id='word_1_161' title='bbox 858 3019 976 3070; x_wconf 79' lang='lat' dir='ltr'><strong>exarato</strong></span> <span class='ocrx_word' id='word_1_162' title='bbox 998 3008 1022 3071; x_wconf 97' lang='grc' dir='ltr'>Η</span> <span class='ocrx_word' id='word_1_163' title='bbox 1042 3017 1072 3071; x_wconf 85' lang='lat' dir='ltr'><strong>et</strong></span> <span class='ocrx_word' id='word_1_164' title='bbox 1092 3009 1150 3073; x_wconf 90' lang='grc' dir='ltr'><strong>ΚΑΙ</strong></span> <span class='ocrx_word' id='word_1_165' title='bbox 1174 3011 1255 3074; x_wconf 82' lang='lat' dir='ltr'><strong>haud</strong></span> <span class='ocrx_word' id='word_1_166' title='bbox 1275 2957 1368 3076; x_wconf 62' lang='lat' dir='ltr'><strong>facile</strong></span> 
     </span>
    </p>
   </div>
   <div class='ocr_carea' id='block_1_5' title="bbox 213 3115 1365 3197">
    <p class='ocr_par' dir='ltr' id='par_1_5' title="bbox 213 3115 1365 3197">
     <span class='ocr_line' id='line_1_19' title="bbox 213 3115 1365 3197; baseline 0.004 -19"><span class='ocrx_word' id='word_1_167' title='bbox 213 3117 355 3178; x_wconf 82' lang='lat' dir='ltr'><strong>confundi</strong></span> <span class='ocrx_word' id='word_1_168' title='bbox 373 3119 535 3197; x_wconf 84' lang='lat' dir='ltr'><strong>potuerint,</strong></span> <span class='ocrx_word' id='word_1_169' title='bbox 557 3118 615 3196; x_wconf 92' lang='lat' dir='ltr'><strong>ipsi</strong></span> <span class='ocrx_word' id='word_1_170' title='bbox 633 3115 746 3176; x_wconf 81' lang='lat' dir='ltr'><strong>iuliano</strong></span> <span class='ocrx_word' id='word_1_171' title='bbox 771 3115 856 3196; x_wconf 85' lang='lat' dir='ltr'><strong>culpa</strong></span> <span class='ocrx_word' id='word_1_172' title='bbox 876 3116 1077 3178; x_wconf 85' lang='lat' dir='ltr'><strong>videturesse</strong></span> <span class='ocrx_word' id='word_1_173' title='bbox 1099 3117 1267 3182; x_wconf 78' lang='lat' dir='ltr'><strong>tribuenda.</strong></span> <span class='ocrx_word' id='word_1_174' title='bbox 1302 3121 1365 3183; x_wconf 91' lang='lat' dir='ltr'><strong>Sed</strong></span> 
     </span>
    </p>
   </div>
   <div class='ocr_carea' id='block_1_6' title="bbox 98 3208 1366 3305">
    <p class='ocr_par' dir='ltr' id='par_1_6' title="bbox 98 3208 1366 3305">
     <span class='ocr_line' id='line_1_20' title="bbox 98 3208 1366 3305; baseline 0.006 -22"><span class='ocrx_word' id='word_1_175' title='bbox 98 3286 107 3298; x_wconf 59' lang='lat'><em>„</em></span> <span class='ocrx_word' id='word_1_176' title='bbox 213 3224 266 3284; x_wconf 81' lang='lat' dir='ltr'><strong>ulia</strong></span> <span class='ocrx_word' id='word_1_177' title='bbox 282 3243 331 3284; x_wconf 87' lang='lat' dir='ltr'><strong>res</strong></span> <span class='ocrx_word' id='word_1_178' title='bbox 345 3232 391 3284; x_wconf 86' lang='lat' dir='ltr'><strong>est</strong></span> <span class='ocrx_word' id='word_1_179' title='bbox 411 3224 503 3285; x_wconf 86' lang='lat' dir='ltr'><strong>altero</strong></span> <span class='ocrx_word' id='word_1_180' title='bbox 523 3224 598 3285; x_wconf 87' lang='lat' dir='ltr'><strong>loco.</strong></span> <span class='ocrx_word' id='word_1_181' title='bbox 635 3223 693 3294; x_wconf 83' lang='lat' dir='ltr'><strong>Qui</strong></span> <span class='ocrx_word' id='word_1_182' title='bbox 713 3225 745 3284; x_wconf 89' lang='lat' dir='ltr'><strong>in</strong></span> <span class='ocrx_word' id='word_1_183' title='bbox 759 3222 860 3302; x_wconf 83' lang='lat' dir='ltr'><strong>Cyrilli</strong></span> <span class='ocrx_word' id='word_1_184' title='bbox 879 3222 963 3284; x_wconf 90' lang='lat' dir='ltr'><strong>libris</strong></span> <span class='ocrx_word' id='word_1_185' title='bbox 981 3225 1022 3284; x_wconf 84' lang='lat' dir='ltr'><strong>ita</strong></span> <span class='ocrx_word' id='word_1_186' title='bbox 1041 3224 1183 3285; x_wconf 85' lang='lat' dir='ltr'><strong>scribitur</strong></span> <span class='ocrx_word' id='word_1_187' title='bbox 1195 3208 1224 3305; x_wconf 49' lang='grc' dir='ltr'><strong>ρ’.</strong></span> <span class='ocrx_word' id='word_1_188' title='bbox 1241 3224 1366 3292; x_wconf 75' lang='lat' dir='ltr'><strong>decu:</strong></span> 
     </span>
    </p>
   </div>
   <div class='ocr_carea' id='block_1_7' title="bbox 143 3322 1383 4484">
    <p class='ocr_par' dir='ltr' id='par_1_7' title="bbox 143 3322 1383 4484">
     <span class='ocr_line' id='line_1_21' title="bbox 143 3322 1367 3414; baseline 0.004 -23"><span class='ocrx_word' id='word_1_189' title='bbox 143 3322 148 3339; x_wconf 57' lang='lat'><strong>¹</strong></span> <span class='ocrx_word' id='word_1_190' title='bbox 211 3329 250 3391; x_wconf 89' lang='grc' dir='ltr'><strong>τὸ</strong></span> <span class='ocrx_word' id='word_1_191' title='bbox 273 3328 333 3406; x_wconf 89' lang='grc' dir='ltr'><strong>γὰρ</strong></span> <span class='ocrx_word' id='word_1_192' title='bbox 358 3333 507 3393; x_wconf 88' lang='grc' dir='ltr'>τοιοῦτον</span> <span class='ocrx_word' id='word_1_193' title='bbox 536 3323 591 3414; x_wconf 88' lang='lat' dir='ltr'><strong>(sc.</strong></span> <span class='ocrx_word' id='word_1_194' title='bbox 616 3323 744 3412; x_wconf 80' lang='lat' dir='ltr'><strong>caelum)</strong></span> <span class='ocrx_word' id='word_1_195' title='bbox 768 3363 810 3373; x_wconf 88' lang='lat'><em>—</em></span> <span class='ocrx_word' id='word_1_196' title='bbox 835 3325 935 3406; x_wconf 72' lang='lat' dir='ltr'><strong>urdene</strong></span> <span class='ocrx_word' id='word_1_197' title='bbox 962 3327 1132 3406; x_wconf 79' lang='grc' dir='ltr'>καθαρεύει</span> <span class='ocrx_word' id='word_1_198' title='bbox 1159 3333 1287 3408; x_wconf 84' lang='grc' dir='ltr'>φθορᾶς</span> <span class='ocrx_word' id='word_1_199' title='bbox 1311 3334 1367 3396; x_wconf 86' lang='grc' dir='ltr'><strong>καὶ</strong></span> 
     </span>
     <span class='ocr_line' id='line_1_22' title="bbox 212 3432 1367 3514; baseline 0.004 -16"><span class='ocrx_word' id='word_1_200' title='bbox 212 3436 379 3513; x_wconf 88' lang='grc' dir='ltr'>γενέςεως,</span> <span class='ocrx_word' id='word_1_201' title='bbox 404 3432 565 3499; x_wconf 89' lang='grc' dir='ltr'>ἀθάνατον</span> <span class='ocrx_word' id='word_1_202' title='bbox 590 3435 625 3499; x_wconf 82' lang='grc' dir='ltr'><strong>δὲ</strong></span> <span class='ocrx_word' id='word_1_203' title='bbox 649 3435 688 3498; x_wconf 86' lang='grc' dir='ltr'><strong>ὂν</strong></span> <span class='ocrx_word' id='word_1_204' title='bbox 707 3434 800 3514; x_wconf 86' lang='grc' dir='ltr'>φόςει</span> <span class='ocrx_word' id='word_1_205' title='bbox 823 3435 873 3498; x_wconf 87' lang='grc' dir='ltr'><strong>καὶ</strong></span> <span class='ocrx_word' id='word_1_206' title='bbox 892 3433 1092 3514; x_wconf 86' lang='grc' dir='ltr'>ἀνώλεθρον,</span> <span class='ocrx_word' id='word_1_207' title='bbox 1117 3435 1273 3500; x_wconf 81' lang='grc' dir='ltr'>παντοίας</span> <span class='ocrx_word' id='word_1_208' title='bbox 1298 3437 1367 3503; x_wconf 84' lang='grc' dir='ltr'>ἐςτὶ</span> 
     </span>
     <span class='ocr_line' id='line_1_23' title="bbox 212 3539 1365 3624; baseline 0.005 -21"><span class='ocrx_word' id='word_1_209' title='bbox 212 3541 354 3619; x_wconf 86' lang='grc' dir='ltr'>καθαρὸν</span> <span class='ocrx_word' id='word_1_210' title='bbox 381 3545 524 3620; x_wconf 82' lang='grc' dir='ltr'>κηλῖδος·</span> <span class='ocrx_word' id='word_1_211' title='bbox 554 3540 658 3606; x_wconf 88' lang='grc' dir='ltr'>ἀίδιον</span> <span class='ocrx_word' id='word_1_212' title='bbox 687 3541 722 3606; x_wconf 83' lang='grc' dir='ltr'><strong>δὲ</strong></span> <span class='ocrx_word' id='word_1_213' title='bbox 754 3541 804 3605; x_wconf 87' lang='grc' dir='ltr'><strong>καὶ</strong></span> <span class='ocrx_word' id='word_1_214' title='bbox 827 3539 1018 3620; x_wconf 88' lang='grc' dir='ltr'>ἀεικίνητον,</span> <span class='ocrx_word' id='word_1_215' title='bbox 1046 3540 1091 3605; x_wconf 88' lang='grc' dir='ltr'><strong>ὡς</strong></span> <span class='ocrx_word' id='word_1_216' title='bbox 1119 3540 1260 3623; x_wconf 85' lang='grc' dir='ltr'>ὁρῶμεν,</span> <span class='ocrx_word' id='word_1_217' title='bbox 1287 3544 1365 3624; x_wconf 86' lang='grc' dir='ltr'>ἤτοι</span> 
     </span>
     <span class='ocr_line' id='line_1_24' title="bbox 212 3647 1383 3733; baseline 0.003 -21"><span class='ocrx_word' id='word_1_218' title='bbox 212 3649 300 3728; x_wconf 87' lang='grc' dir='ltr'>παρὰ</span> <span class='ocrx_word' id='word_1_219' title='bbox 324 3654 428 3728; x_wconf 89' lang='grc' dir='ltr'>ψυχῆς</span> <span class='ocrx_word' id='word_1_220' title='bbox 450 3648 706 3726; x_wconf 86' lang='grc' dir='ltr'>κρείττονος-καὶ</span> <span class='ocrx_word' id='word_1_221' title='bbox 728 3649 890 3726; x_wconf 85' lang='grc' dir='ltr'>θειοτέρας</span> <span class='ocrx_word' id='word_1_222' title='bbox 910 3647 1093 3728; x_wconf 86' lang='grc' dir='ltr'>ἐνοικοόςης</span> <span class='ocrx_word' id='word_1_223' title='bbox 1114 3647 1201 3733; x_wconf 86' lang='grc' dir='ltr'>αὐτῷ</span> <span class='ocrx_word' id='word_1_224' title='bbox 1225 3650 1383 3729; x_wconf 80' lang='grc' dir='ltr'>φέρεται</span> 
     </span>
     <span class='ocr_line' id='line_1_25' title="bbox 212 3755 1365 3840; baseline 0.003 -20"><span class='ocrx_word' id='word_1_225' title='bbox 212 3755 317 3839; x_wconf 84' lang='grc' dir='ltr'>κύκλῳ</span> <span class='ocrx_word' id='word_1_226' title='bbox 341 3756 415 3835; x_wconf 91' lang='grc' dir='ltr'>περὶ</span> <span class='ocrx_word' id='word_1_227' title='bbox 437 3757 495 3820; x_wconf 86' lang='grc' dir='ltr'><strong>τόν</strong></span> <span class='ocrx_word' id='word_1_228' title='bbox 515 3758 614 3835; x_wconf 84' lang='grc' dir='ltr'>μέγαν</span> <span class='ocrx_word' id='word_1_229' title='bbox 633 3757 836 3836; x_wconf 81' lang='grc' dir='ltr'>δημιουργόν,</span> <span class='ocrx_word' id='word_1_230' title='bbox 859 3758 878 3835; x_wconf 86' lang='grc' dir='ltr'>ἢ</span> <span class='ocrx_word' id='word_1_231' title='bbox 903 3756 984 3835; x_wconf 90' lang='grc' dir='ltr'>πρός</span> <span class='ocrx_word' id='word_1_232' title='bbox 1003 3756 1103 3821; x_wconf 87' lang='grc' dir='ltr'>αὐτοῦ</span> <span class='ocrx_word' id='word_1_233' title='bbox 1122 3760 1180 3821; x_wconf 91' lang='grc' dir='ltr'><strong>τοῦ</strong></span> <span class='ocrx_word' id='word_1_234' title='bbox 1198 3761 1277 3823; x_wconf 93' lang='grc' dir='ltr'>θεοῦ</span> <span class='ocrx_word' id='word_1_235' title='bbox 1302 3761 1365 3840; x_wconf 88' lang='grc' dir='ltr'><strong>τὴν</strong></span> 
     </span>
     <span class='ocr_line' id='line_1_26' title="bbox 212 3862 1366 3947; baseline 0.003 -19"><span class='ocrx_word' id='word_1_236' title='bbox 212 3864 343 3947; x_wconf 90' lang='grc' dir='ltr'>κίνηςιν,</span> <span class='ocrx_word' id='word_1_237' title='bbox 371 3862 490 3942; x_wconf 89' lang='grc' dir='ltr'>ὥςπερ,</span> <span class='ocrx_word' id='word_1_238' title='bbox 514 3862 613 3943; x_wconf 84' lang='grc' dir='ltr'>οἰμαι,</span> <span class='ocrx_word' id='word_1_239' title='bbox 637 3863 676 3926; x_wconf 91' lang='grc' dir='ltr'><strong>τὰ</strong></span> <span class='ocrx_word' id='word_1_240' title='bbox 698 3864 835 3943; x_wconf 86' lang='grc' dir='ltr'>ἡμέτερα</span> <span class='ocrx_word' id='word_1_241' title='bbox 864 3863 993 3941; x_wconf 90' lang='grc' dir='ltr'>ςώματα</span> <span class='ocrx_word' id='word_1_242' title='bbox 1020 3863 1109 3943; x_wconf 87' lang='grc' dir='ltr'>παρὰ</span> <span class='ocrx_word' id='word_1_243' title='bbox 1135 3869 1191 3943; x_wconf 84' lang='grc' dir='ltr'><strong>τῆς</strong></span> <span class='ocrx_word' id='word_1_244' title='bbox 1220 3865 1257 3929; x_wconf 88' lang='grc' dir='ltr'><strong>ἐν</strong></span> <span class='ocrx_word' id='word_1_245' title='bbox 1284 3867 1366 3946; x_wconf 84' lang='grc' dir='ltr'>ἡμῖν</span> 
     </span>
     <span class='ocr_line' id='line_1_27' title="bbox 213 3969 1365 4057; baseline 0.002 -23"><span class='ocrx_word' id='word_1_246' title='bbox 213 3977 317 4051; x_wconf 88' lang='grc' dir='ltr'>ψυχῆς</span> <span class='ocrx_word' id='word_1_247' title='bbox 345 3969 607 4049; x_wconf 78' lang='grc' dir='ltr'>παραδεξάμενον</span> <span class='ocrx_word' id='word_1_248' title='bbox 639 3970 697 4034; x_wconf 87' lang='grc' dir='ltr'><strong>τὸν</strong></span> <span class='ocrx_word' id='word_1_249' title='bbox 725 3969 858 4049; x_wconf 89' lang='grc' dir='ltr'>ἄπειρον</span> <span class='ocrx_word' id='word_1_250' title='bbox 886 3969 1035 4035; x_wconf 79' lang='grc' dir='ltr'>ἑξελίττει</span> <span class='ocrx_word' id='word_1_251' title='bbox 1061 3971 1178 4034; x_wconf 89' lang='grc' dir='ltr'>κόκλον</span> <span class='ocrx_word' id='word_1_252' title='bbox 1206 3969 1365 4057; x_wconf 87' lang='grc' dir='ltr'>ἀπαύςτῳ</span> 
     </span>
     <span class='ocr_line' id='line_1_28' title="bbox 212 4072 1364 4163; baseline 0.001 -20"><span class='ocrx_word' id='word_1_253' title='bbox 212 4080 261 4143; x_wconf 90' lang='grc' dir='ltr'><strong>καὶ</strong></span> <span class='ocrx_word' id='word_1_254' title='bbox 286 4077 405 4161; x_wconf 79' lang='grc' dir='ltr'>αἰωνίῳ</span> <span class='ocrx_word' id='word_1_255' title='bbox 425 4082 520 4160; x_wconf 85' lang='grc' dir='ltr'>φορᾷ.</span> <span class='ocrx_word' id='word_1_256' title='bbox 558 4080 615 4141; x_wconf 90' lang='lat' dir='ltr'><strong>Ubi</strong></span> <span class='ocrx_word' id='word_1_257' title='bbox 637 4081 727 4141; x_wconf 80' lang='lat' dir='ltr'><strong>verba</strong></span> <span class='ocrx_word' id='word_1_258' title='bbox 750 4076 919 4156; x_wconf 75' lang='grc' dir='ltr'>ὥςπερ-</span> <span class='ocrx_word' id='word_1_259' title='bbox 941 4077 978 4141; x_wconf 83' lang='grc' dir='ltr'><strong>ἐν</strong></span> <span class='ocrx_word' id='word_1_260' title='bbox 1000 4077 1075 4156; x_wconf 88' lang='grc' dir='ltr'>ἡμῖν</span> <span class='ocrx_word' id='word_1_261' title='bbox 1093 4081 1199 4156; x_wconf 88' lang='grc' dir='ltr'>ψυχῆς</span> <span class='ocrx_word' id='word_1_262' title='bbox 1223 4072 1364 4163; x_wconf 85' lang='lat' dir='ltr'><strong>transpu-</strong></span> 
     </span>
     <span class='ocr_line' id='line_1_29' title="bbox 213 4186 1365 4267; baseline 0.002 -17"><span class='ocrx_word' id='word_1_263' title='bbox 213 4190 308 4250; x_wconf 80' lang='lat' dir='ltr'><strong>uenda</strong></span> <span class='ocrx_word' id='word_1_264' title='bbox 333 4208 398 4249; x_wconf 89' lang='lat' dir='ltr'><strong>esse</strong></span> <span class='ocrx_word' id='word_1_265' title='bbox 423 4189 628 4266; x_wconf 78' lang='lat' dir='ltr'><strong>iuniusquisque</strong></span> <span class='ocrx_word' id='word_1_266' title='bbox 653 4189 793 4248; x_wconf 83' lang='lat' dir='ltr'><strong>continuo</strong></span> <span class='ocrx_word' id='word_1_267' title='bbox 816 4189 967 4267; x_wconf 85' lang='lat' dir='ltr'><strong>perspicit.</strong></span> <span class='ocrx_word' id='word_1_268' title='bbox 1012 4186 1116 4267; x_wconf 90' lang='lat' dir='ltr'><strong>Neque</strong></span> <span class='ocrx_word' id='word_1_269' title='bbox 1139 4189 1220 4248; x_wconf 89' lang='lat' dir='ltr'><strong>enim</strong></span> <span class='ocrx_word' id='word_1_270' title='bbox 1243 4189 1365 4252; x_wconf 78' lang='lat' dir='ltr'><strong>caelum</strong></span> 
     </span>
     <span class='ocr_line' id='line_1_30' title="bbox 214 4293 1365 4378; baseline 0.003 -22"><span class='ocrx_word' id='word_1_271' title='bbox 214 4299 238 4356; x_wconf 89' lang='lat' dir='ltr'><strong>si</strong></span> <span class='ocrx_word' id='word_1_272' title='bbox 262 4298 340 4357; x_wconf 80' lang='lat' dir='ltr'><strong>circa</strong></span> <span class='ocrx_word' id='word_1_273' title='bbox 360 4296 448 4356; x_wconf 89' lang='lat' dir='ltr'><strong>deum</strong></span> <span class='ocrx_word' id='word_1_274' title='bbox 467 4295 631 4376; x_wconf 80' lang='lat' dir='ltr'><strong>volutatur,</strong></span> <span class='ocrx_word' id='word_1_275' title='bbox 654 4293 813 4354; x_wconf 84' lang='lat' dir='ltr'><strong>abeodem</strong></span> <span class='ocrx_word' id='word_1_276' title='bbox 837 4293 892 4354; x_wconf 88' lang='lat' dir='ltr'><strong>deo</strong></span> <span class='ocrx_word' id='word_1_277' title='bbox 916 4296 955 4354; x_wconf 84' lang='lat' dir='ltr'><strong>ita</strong></span> <span class='ocrx_word' id='word_1_278' title='bbox 976 4296 1087 4355; x_wconf 87' lang='lat' dir='ltr'><strong>moveri</strong></span> <span class='ocrx_word' id='word_1_279' title='bbox 1109 4302 1219 4378; x_wconf 71' lang='lat' dir='ltr'><strong>potest,</strong></span> <span class='ocrx_word' id='word_1_280' title='bbox 1243 4303 1279 4358; x_wconf 84' lang='lat' dir='ltr'><strong>ut</strong></span> <span class='ocrx_word' id='word_1_281' title='bbox 1298 4317 1365 4359; x_wconf 86' lang='lat' dir='ltr'><strong>cor-</strong></span> 
     </span>
     <span class='ocr_line' id='line_1_31' title="bbox 212 4400 1365 4484; baseline 0.004 -22"><span class='ocrx_word' id='word_1_282' title='bbox 212 4422 284 4483; x_wconf 81' lang='lat' dir='ltr'><strong>pora</strong></span> <span class='ocrx_word' id='word_1_283' title='bbox 304 4411 405 4464; x_wconf 83' lang='lat' dir='ltr'><strong>nostre</strong></span> <span class='ocrx_word' id='word_1_284' title='bbox 424 4413 454 4463; x_wconf 89' lang='lat' dir='ltr'><strong>et</strong></span> <span class='ocrx_word' id='word_1_285' title='bbox 473 4422 548 4483; x_wconf 82' lang='lat' dir='ltr'><strong>quac</strong></span> <span class='ocrx_word' id='word_1_286' title='bbox 567 4406 598 4463; x_wconf 88' lang='lat' dir='ltr'><strong>iu</strong></span> <span class='ocrx_word' id='word_1_287' title='bbox 622 4402 695 4481; x_wconf 90' lang='lat' dir='ltr'><strong>ipsis</strong></span> <span class='ocrx_word' id='word_1_288' title='bbox 714 4401 802 4460; x_wconf 81' lang='lat' dir='ltr'><strong>vitum</strong></span> <span class='ocrx_word' id='word_1_289' title='bbox 821 4400 901 4480; x_wconf 83' lang='lat' dir='ltr'><strong>degit</strong></span> <span class='ocrx_word' id='word_1_290' title='bbox 920 4403 1024 4463; x_wconf 83' lang='lat' dir='ltr'><strong>anime.</strong></span> <span class='ocrx_word' id='word_1_291' title='bbox 1057 4400 1139 4471; x_wconf 83' lang='lat' dir='ltr'><strong>Quae</strong></span> <span class='ocrx_word' id='word_1_292' title='bbox 1159 4419 1229 4462; x_wconf 91' lang='lat' dir='ltr'><strong>cum</strong></span> <span class='ocrx_word' id='word_1_293' title='bbox 1247 4405 1365 4484; x_wconf 82' lang='lat' dir='ltr'><strong>optime</strong></span> 
     </span>
    </p>
   </div>
   <div class='ocr_carea' id='block_1_8' title="bbox 0 0 1468 5040">
    <p class='ocr_par' dir='ltr' id='par_1_8' title="bbox 0 0 1468 5040">
     <span class='ocr_line' id='line_1_32' title="bbox 0 0 1468 5040; baseline 0 0"><span class='ocrx_word' id='word_1_294' title='bbox 0 0 1468 5040; x_wconf 95' lang='lat' dir='ltr'><strong> </strong></span> 
     </span>
    </p>
   </div>
  </div>
 </body>
</html>
