2926 5040
143 335 187 398 32
652 335 743 405 Caput
760 335 781 388 Ι.

147 501 251 588 relicta
271 500 424 561 Antiochia
443 500 654 580 Mopsuestiam
675 490 818 581 migravit,
843 499 894 560 sed
919 507 1003 560 antea
1022 500 1149 559 Tarsum
1173 515 1204 557 se
1231 515 1302 558 cou-

147 608 215 668 tulit
248 617 324 669 teste
354 602 536 688 Hesychi0.¹)
583 608 668 679 Quod
704 610 730 667 si
762 626 919 668 censemus
953 608 1079 668 voluisse
1109 612 1305 673 Theodorum

147 714 224 774 libro
249 699 308 775 suo¹
322 717 446 793 gratiam
470 716 583 775 referre
604 713 741 795 Diodoro,
766 713 835 775 facti
854 717 901 775 sui
920 718 1064 776 rationem
1084 717 1207 779 Libauio
1232 737 1303 797 pro-

146 820 234 901 bare,
257 821 335 882 baucl
361 821 505 882 absonum
524 822 642 882 videtur
660 821 696 881 de
717 840 776 900 quo
796 825 999 900 quaestionem
1019 805 1203 887 instituimus
1228 832 1305 886 tem-

144 931 225 1005 poris
251 937 433 990 momentum
457 930 580 1008 propius
611 927 714 988 abesse
739 928 774 988 ab
799 947 875 989 anno
900 925 1042 1010 378s379
1071 951 1160 1011 quam
1187 932 1225 993 ab
1255 952 1304 1012 eo,

145 1056 204 1115 quo
224 1037 349 1096 Tarsum
374 1055 405 1097 se
431 1035 556 1095 contulit
579 1034 764 1095 Theodorus.

234 1142 294 1203 lam
305 1162 375 1203 vero
391 1151 559 1222 temporum
570 1143 776 1221 disquisitione
787 1142 823 1202 ad
836 1143 924 1203 finem
939 1146 1082 1223 perducta
1098 1165 1180 1207 nunc
1194 1164 1304 1226 possu-

146 1269 252 1312 musne
267 1253 356 1310 etiam
376 1269 443 1310 cum
463 1251 588 1328 quadam
609 1249 825 1329 probabilitatis
841 1253 939 1330 specie
955 1254 1102 1334 conicere,
1122 1252 1225 1332 quales
1240 1253 1305 1312 luo

148 1360 209 1417 rint
227 1355 375 1416 Theodori
395 1354 462 1415 libri
482 1356 640 1417 videamus
675 1355 738 1426 Qua
758 1357 793 1416 de
808 1374 841 1416 re
857 1356 929 1417 nibil
949 1366 1050 1437 aperte
1071 1359 1212 1420 traditum
1237 1377 1305 1420 esse

150 1482 238 1524 nemo
252 1461 419 1541 mirabitur,
434 1481 501 1521 cum
517 1463 580 1522 fieri
595 1464 736 1544 potuerit,
755 1470 788 1523 ut
803 1465 952 1524 exstitisse
972 1483 1023 1524 eos
1040 1468 1160 1525 omnino
1179 1483 1305 1544 negare·

148 1579 206 1631 tur.
240 1569 342 1649 Neque
363 1570 441 1628 enim
457 1571 614 1647 quicquam
635 1568 670 1628 de
690 1568 834 1629 librorum
849 1587 974 1629 numero
994 1570 1071 1630 ellici
1091 1579 1189 1650 potest
1210 1589 1247 1631 ex
1265 1572 1304 1630 iis

150 1675 256 1751 verbis,
275 1694 350 1754 quae
366 1678 558 1737 inveniuntur
573 1685 640 1736 ante
660 1677 822 1754 fragmenta
841 1679 980 1758 primum,
999 1677 1134 1758 alterum,
1154 1679 1305 1756 quintum.

149 1783 192 1842 Ex
209 1782 329 1843 vocibus
340 1785 418 1842 enim
429 1780 464 1843 ἐκ
478 1785 533 1858 τῆ(
544 1781 624 1859 πρὸ(
635 1779 809 1844 Ἰουλιανὸν
823 1802 882 1844 non
893 1783 1089 1863 colligendum
1102 1791 1148 1844 est
1162 1802 1223 1845 uno
1238 1793 1304 1843 tan-

150 1898 214 1950 tum
229 1888 305 1949 libro
320 1888 510 1949 Theodorum
530 1889 642 1950 Iuliano
658 1890 844 1951 adversatum
859 1909 938 1971 esse3
958 1909 1024 1951 nam
1040 1891 1146 1951 eodem
1160 1892 1226 1950 iure
1241 1907 1303 1968 qno

150 2014 204 2054 vox
231 1992 349 2071 βίβλου,
373 1997 462 2053 immo
487 1995 608 2055 meliore
632 1998 662 2055 in
687 1997 836 2057 inferioris
860 1999 964 2058 aetatis
988 2000 1144 2078 scriptore,
1168 1994 1305 2075 suppleri

150 2110 249 2182 potest
268 2104 460 2178 (υγγραφῆο.
498 2102 608 2163 Eadem
629 2111 727 2163 autem
747 2111 817 2163 sunt
840 2103 964 2163 dicenda
983 2103 1020 2163 de
1038 2106 1075 2164 iis
1094 2102 1202 2183 verbiS,
1226 2120 1304 2181 quae

151 2209 291 2288 leguntur
318 2219 385 2270 ante
415 2212 612 2290 fragmentum
645 2213 788 2291 primum,
822 2229 880 2289 quo
910 2209 1030 2289 quidem
1058 2211 1123 2271 loco
1152 2211 1241 2270 etiam
1274 2209 1306 2269 id

151 2316 273 2376 dubium
299 2335 377 2399 esse,
406 2326 508 2379 utrum
532 2317 567 2380 ἐκ
588 2321 644 2395 τῆ(
673 2318 863 2378 scribendum
888 2328 967 2379 esset
996 2337 1032 2378 an
1057 2316 1091 2379 ἐκ
1118 2319 1185 2379 τῶν
1213 2335 1307 2396 supra

151 2422 281 2483 breviter
302 2427 433 2502 exposui.
467 2424 507 2484 Αο
527 2444 564 2485 ne
584 2433 647 2484 tum
667 2424 796 2504 quidem,
816 2426 842 2484 si
860 2422 895 2485 ἐκ
913 2425 979 2484 τῶν
999 2443 1067 2484 vera
1087 2427 1125 2485 sit
1144 2426 1306 2504 scriptura,

153 2548 226 2608 quae
260 2538 305 2590 est
339 2533 426 2589 etiam
459 2538 525 2589 aute
559 2531 756 2607 fragmentum
792 2530 916 2591 alterum
946 2522 1018 2612 (τοῦ
1046 2527 1147 2591 αὐτοῦ
1174 2528 1210 2591 ἐκ
1236 2531 1308 2593 τῶν

102 2629 104 2633 ’
153 2632 288 2717 αὐτῶν),
317 2655 352 2696 ex
378 2635 438 2695 sola
462 2635 516 2695 hac
540 2635 637 2715 colligi
661 2644 760 2716 potest
784 2638 953 2697 constitisse
977 2636 1126 2697 Theodori
1150 2637 1307 2698 refutatio-

154 2761 222 2802 nem
242 2742 325 2803 libris
345 2742 556 2822 compluribus.
590 2742 680 2803 Posse
700 2746 778 2804 enim
797 2762 885 2804 voces
904 2743 970 2804 τῶν
985 2740 1092 2804 αὐτῶν
1111 2761 1177 2804 esse
1192 2746 1308 2822 geneti-

154 2868 223 2910 vum
246 2849 389 2929 pluralem
414 2852 551 2920 neutrius
574 2853 692 2929 generis
716 2854 817 2930 negari
845 2853 957 2930 nequit.
997 2850 1106 2910 Verum
1130 2853 1210 2910 enim
1233 2869 1308 2911 vero

154 2975 221 3016 cum
246 2957 446 3018 in'eiusmocli
470 2957 699 3018 refutationibus
723 2959 960 3019 adversariorum
990 2956 1078 3018 verba
1103 2959 1165 3017 fere
1188 2959 1310 3036 integra

154 3067 184 3123 in
211 3072 383 3125 contextum
408 3067 549 3125 orationis
575 3073 674 3126 essent
698 3066 865 3146 recipienda
885 3067 981 3143 iisque
1001 3067 1062 3144 ipsa
1081 3081 1208 3124 censura
1227 3073 1311 3124 esset

154 3170 299 3252 addenda,
328 3190 421 3232 unum
445 3170 522 3231 Celsi
551 3180 617 3232 octo
646 3171 729 3232 libris
753 3174 935 3252 impugnavit
963 3171 1121 3251 Origenes,
1148 3169 1312 3250 Porphyrii

155 3277 325 3356 quindecIm
348 3281 451 3357 viginti
476 3281 606 3357 quinque
631 3278 792 3360 Eusebius,
816 3278 1013 3358 Apollinarius
1032 3279 1166 3357 triginta,
1194 3275 1311 3338 Metho-

154 3386 221 3445 rlius
241 3386 343 3446 decem
364 3385 482 3446 milibus
501 3404 649 3446 versuum.
684 3385 765 3456 Quae
781 3404 848 3445 cum
867 3387 907 3445 ita
929 3387 996 3465 sint,
1016 3383 1200 3444 confidenter
1220 3402 1311 3464 nega-

156 3511 221 3552 mus
245 3511 335 3571 parvo
359 3491 457 3552 libello
482 3492 672 3553 Theodorum
695 3495 872 3553 insectatum
898 3507 963 3552 esse
987 3491 1141 3552 lulianum.
1180 3490 1243 3562 Qua
1270 3491 1310 3552 de

155 3618 188 3659 re
212 3599 296 3678 plura
321 3602 346 3658 si
368 3601 505 3659 conicere
536 3600 691 3682 vellemus,
721 3603 828 3660 nimiae
853 3602 1033 3660 curiositatis
1057 3600 1311 3678 vituperationem

157 3707 262 3766 merito
287 3705 463 3766 subiremus.
506 3707 645 3786 luseripti
675 3716 773 3766 autern
798 3715 882 3766 erant
906 3706 1014 3785 singuli
1038 3706 1106 3767 libri
1131 3700 1310 3778 Θεοδώρου

157 3808 382 3887 Μοψοοεετία(
406 3811 486 3888 πρὸ(
510 3810 565 3873 τὰ(
594 3810 674 3872 κατὰ
698 3811 892 3887 Χριετιανῶν
916 3808 1106 3887 κατηγορία(
1130 3805 1311 3872 Ἰουλιανοῦ

156 3920 214 3979 τοῦ
234 3914 420 3994 παραβάτου
446 3916 566 3996 βιβλίον
585 3920 714 3995 πρῶτον
739 3938 792 3980 seu
815 3915 912 3994 rbpoc
931 3918 1068 3993 πρῶτος,
1094 3913 1214 3994 βιβλίον
1234 3915 1310 3978 δεύ-

157 4042 252 4100 τερον
277 4044 329 4086 seu
353 4022 450 4101 τόμος
474 4024 625 4100 δεύτερο(
649 4033 704 4086 etc.
741 4025 773 4085 lu
798 4026 876 4105 quod
896 4026 1024 4086 efficitur
1048 4043 1083 4084 ex
1108 4023 1206 4083 verbis
1229 4022 1310 4102 frag-

160 4184 373 4194 κωκυ-...ς-

232 4288 257 4356 1)
276 4287 413 4342 Harduini
432 4289 495 4341 acta
514 4285 703 4339 conciliorum.
736 4285 857 4340 Parisiis.
875 4292 951 4341 1714.
971 4286 1019 4341 fol.
1034 4285 1073 4338 lll
1087 4303 1114 4353 p.
1132 4284 1230 4338 104A:
1250 4285 1311 4339 An-

157 4375 264 4430 tiochia
277 4377 376 4431 relicta
389 4376 419 4429 in
433 4377 551 4430 Tarsum
566 4372 789 4442 transmigravit:
810 4392 843 4428 ex
858 4392 914 4443 qua
927 4375 956 4428 in
969 4373 1172 4443 Mopsuestiam
1186 4373 1311 4442 transiit,

158 4464 303 4519 ordinatus
321 4465 350 4518 in
369 4482 401 4519 ee
420 4465 575 4533 episcopus.
