2926 5040
230 330 274 395 92
737 335 829 405 Caput
847 338 867 390 1.

226 511 257 563 et
275 504 306 562 in
330 509 392 562 toto
416 520 507 582 opere
535 502 662 563 fideliter
685 506 812 565 servavit
834 503 1054 593 Theodoretus,
1081 505 1241 582 repetitum
1267 521 1336 563 esse
1365 519 1383 562 a

226 608 338 670 loliano
358 609 436 670 haud
456 608 540 670 lacile
556 611 732 688 negaverim.
766 610 824 670 Sed
844 610 922 671 aliud
937 617 983 671 est
1001 609 1107 690 legisse
1123 609 1251 689 aliquem
1266 609 1381 670 librum

226 724 256 779 et
284 735 320 777 ex
348 734 383 777 eo
414 719 584 797 percepisse
612 716 723 796 aliquid
756 717 905 798 utilitatis,
937 716 1016 778 aliud
1044 735 1112 777 eum
1141 719 1239 796 ipsum
1266 714 1382 776 librum

225 825 381 885 refutasse.
897 890 900 895 ,

315 930 399 1002 Quod
420 933 446 992 si
470 933 589 1010 quaeris
608 950 666 1011 quo
690 940 824 1012 tempore
843 935 948 1013 scripti
966 933 1026 992 sint
1049 930 1270 1010 therapeuticae
1295 928 1383 991 libri:

225 1045 382 1099 exstante
406 1038 550 1098 Garnerio
573 1040 631 1099 iam
654 1039 740 1100 allata
763 1041 857 1118 ipsius
878 1039 1059 1101 Theodoreti
1083 1036 1172 1098 verba
1195 1038 1225 1097 in
1249 1035 1383 1116 epistula

227 1141 289 1206 113
309 1144 345 1204 ad
360 1144 490 1206 Leonem
506 1148 678 1227 episcopum
693 1146 857 1208 Romanum
873 1146 940 1207 data
955 1139 1014 1230 (ed.
1031 1144 1155 1206 Schulze
1169 1143 1207 1204 lV
1220 1163 1248 1223 p.
1266 1140 1382 1221 1191).

225 1250 307 1322 Quae
331 1251 452 1329 quidem
475 1254 585 1331 scripta
609 1260 655 1314 est
678 1261 804 1314 exeunte
828 1270 905 1312 anno
928 1247 1008 1332 449,
1031 1270 1098 1313 narn
1122 1252 1321 1330 conqueritur
1344 1269 1382 1310 ea

224 1357 431 1420 Theodoretus
454 1358 490 1419 de
519 1361 555 1418 iis
579 1359 684 1441 rebus,
715 1378 789 1439 quas
811 1378 917 1440 passus
931 1361 984 1430 ‚sit
1010 1361 1041 1419 in
1065 1359 1191 1420 concilio
1215 1357 1384 1438 Ephesino,

224 1464 304 1544 qnod
324 1473 441 1527 constat
463 1468 581 1527 initium
604 1469 719 1548 cepisse
738 1485 763 1528 a.
786 1466 813 1528 d.
831 1467 877 1528 Vl.
900 1466 941 1528 ld.
960 1468 1032 1546 Aug.
1052 1485 1076 1527 a.
1095 1463 1170 1527 449.
1206 1462 1292 1527 Ἐςτι
1315 1461 1381 1541 γάρ

224 1590 286 1649 μοι,
310 1574 408 1651 inquit
426 1572 641 1655 Theodoretus,
664 1571 704 1635 τὰ
728 1573 785 1650 μὲν
805 1572 868 1650 πρὸ
888 1569 984 1637 εἴκοςι
1002 1571 1086 1636 ἐτῶν
1105 1570 1384 1648 ςυγγεγραμμὲνα,

224 1677 266 1740 τὰ
292 1677 327 1740 δὲ
352 1677 415 1754 πρὸ
443 1676 671 1757 ὀκτωκαίδεκα,
699 1679 797 1743 τὰδὲ
826 1680 889 1758 πρὸ
913 1678 1152 1756 πεντεκαίδεκα,
1180 1676 1220 1740 τὰ
1247 1677 1285 1740 δὲ
1314 1676 1384 1754 πρὸ

224 1782 428 1861 δυοκαίδεκα,
457 1784 497 1848 τὰ
525 1786 583 1863 μὲν
616 1787 697 1864 πρὸς
720 1784 903 1864 Ἀρειανοὺς
930 1787 982 1850 καὶ
1009 1785 1238 1865 Εὐνομκανοὺς,
1272 1783 1314 1847 τὰ
1345 1785 1383 1847 δὲ
1420 1856 1438 1879 x

224 1890 306 1968 πρὸς
320 1887 492 1954 Ἰουδαίους
508 1892 559 1955 καὶ
577 1892 743 1972 Ἕλληνας,
758 1893 797 1957 τὰ
812 1894 847 1957 δὲ
867 1893 948 1971 πρὸς
961 1895 1037 1957 τοὺς
1051 1893 1087 1958 ἐκ
1101 1891 1231 1970 Περςίδι
1246 1890 1384 1969 μάγους,

225 1994 308 2060 ἄλλα
332 1996 404 2075 περὶ
427 2002 483 2076 τῆς
505 1998 646 2064 καθόλου
668 2000 835 2082 προνοίας,
860 2001 954 2079 ἕτερα
977 2002 1013 2064 δὲ
1037 2000 1110 2078 περὶ
1132 1997 1303 2074 θεολογίας
1329 1999 1384 2062 καὶ

223 2110 279 2184 τῆς
303 2104 391 2170 θείας
409 2106 689 2187 ἐνακθρωπήςεως.
727 2111 769 2170 Ac
791 2112 914 2189 nequis
937 2119 1023 2190 putet
1041 2117 1183 2190 quattuor
1205 2118 1382 2188 temporum

224 2218 382 2278 momentis
402 2216 583 2295 respondere
603 2236 727 2297 opernm
747 2217 902 2278 allatorum
925 2219 1046 2278 seriem:
1071 2236 1130 2278 non
1150 2224 1291 2296 quattuor
1317 2234 1380 2275 me-

224 2332 391 2405 morantur,
422 2321 474 2383 sed
503 2325 634 2402 quinque
663 2332 714 2385 aut
746 2323 861 2403 singula
892 2341 982 2403 opera
1010 2332 1061 2384 aut
1091 2315 1184 2404 plura¹
1205 2322 1381 2383 coniuncta.

223 2429 406 2511 'temporum
430 2437 529 2491 autem
557 2430 691 2491 ordinem
720 2449 779 2490 non
808 2438 956 2491 servatum
985 2448 1050 2490 esse
1079 2428 1319 2490 luculentissime
1344 2448 1381 2489 eo

223 2537 458 2617 demonstratur,
486 2536 565 2614 quod
590 2535 664 2597 dirae
693 2536 788 2598 solum
817 2555 941 2596 revera
970 2544 1086 2597 exstant
1113 2553 1238 2615 opernm
1268 2538 1380 2599 series:

222 2643 314 2705 altera
344 2662 449 2705 eorum
482 2641 589 2721 quibus
622 2643 783 2703 adversarii
815 2645 1040 2723 impugnantur,
1073 2641 1174 2704 alteris
1206 2643 1307 2721 agitur
1342 2643 1378 2705 de

223 2751 368 2811 doctrinis
397 2750 642 2811 Christianorum.
685 2750 780 2822 Quam
814 2751 988 2812 divisionem
1023 2768 1081 2810 non
1112 2750 1264 2811 lortuitam
1300 2770 1380 2832 esse,

223 2857 275 2919 sed
299 2856 335 2917 ab
364 2859 457 2938 ipsius
481 2859 611 2918 auctoris
634 2857 758 2919 consilio
786 2859 950 2938 prolectam
978 2856 1046 2917 inde
1070 2866 1205 2938 apparet,
1234 2858 1317 2937 quod
1348 2861 1378 2920 in

222 2966 314 3027 altera
344 2967 421 3026 serie
449 2964 627 3026 adhibentur
656 2983 743 3026 voces
771 2962 811 3026 τὰ
839 2964 909 3041 μὲν,
936 2961 976 3025 τὰ
1005 2964 1053 3044 δὲ,
1081 2962 1193 3040 τὰδὲ,
1224 2967 1255 3025 in
1281 2965 1378 3028 altera

221 3069 317 3148 ἄλλα,
348 3071 442 3149 ἕτερα
465 3071 509 3134 δέ.
552 3072 654 3150 ltaque
687 3074 717 3131 in
750 3074 872 3132 vetitum
901 3074 1079 3148 niteremur,
1111 3073 1136 3131 si
1164 3089 1240 3151 opus
1268 3081 1379 3135 contra

222 3180 351 3240 Graecos
375 3181 529 3258 scriptum,
553 3179 581 3238 id
607 3190 652 3239 est
675 3178 895 3258 therapeuticae
919 3176 1024 3257 libros,
1048 3178 1126 3256 qtrod
1151 3177 1285 3238 secundo
1310 3179 1378 3241 loco

221 3288 399 3366 nominatur,
423 3287 509 3345 iniis
533 3303 599 3345 esse
623 3285 855 3366 adfirmaremus
876 3303 951 3364 quos
975 3284 1176 3363 duodeviginti
1199 3286 1287 3345 annis
1307 3296 1379 3348 ante

221 3411 253 3453 se
284 3395 439 3472 scripsisse
463 3391 668 3452 Theodoretus
697 3394 866 3452 autumavit.
906 3391 1009 3469 Neque
1039 3393 1118 3451 enim
1146 3392 1309 3470 quicquam
1340 3412 1378 3454 ex

221 3501 286 3559 eius
305 3497 403 3559 verbis
423 3499 541 3558 elticere
561 3516 721 3576 possumus
739 3499 796 3557 nisi
815 3497 960 3576 prodiisse
980 3496 1137 3557 duodecim
1156 3495 1248 3557 libros
1269 3508 1378 3560 contra

221 3605 349 3665 Graecos
368 3623 403 3667 eo
428 3606 570 3684 temporis
594 3606 698 3686 spatio,
722 3606 941 3683 cuinsprimus
963 3605 1190 3683 annosviginti,
1213 3602 1377 3666 duodecim

220 3713 306 3772 annis
330 3711 451 3773 ultimus
476 3711 511 3770 ah
536 3710 679 3790 epistulae
700 3708 762 3771 113
787 3718 920 3790 temporo
945 3712 1098 3771 seiunctus
1122 3718 1197 3789 erat;
1221 3727 1257 3769 eo
1282 3713 1379 3791 igitur

220 3821 272 3898 otri
300 3819 356 3880 luit
384 3821 462 3879 inter
491 3820 588 3878 exitus
618 3836 762 3878 annorum
787 3814 851 3878 429
876 3827 905 3878 et
928 3814 992 3879 437
1017 3837 1045 3896 p.
1065 3815 1095 3876 C.
1115 3834 1142 3877 n.
1181 3815 1247 3887 Quo
1272 3816 1378 3879 redar-

219 3928 321 4006 guitur
353 3933 411 3985 tam
441 3923 560 3985 Baronii
594 3926 741 3986 sententia
770 3943 785 3984 a
816 3925 959 3985 Garnerio
990 3923 1089 4004 allata,
1121 3925 1173 4002 qui
1200 3941 1280 3983 anno
1307 3921 1378 3986 439

220 4035 347 4112 scriptos
371 4049 437 4091 esse
466 4034 583 4092 censuit
607 4050 658 4092 eos
686 4031 855 4110 dequibus
883 4033 997 4108 agimus
1026 4029 1132 4105 libros,
1160 4047 1248 4107 quam
1277 4031 1379 4110 ipsius

220 4140 368 4219 Garnerii,
397 4140 448 4217 qui
477 4138 586 4199 mavult
615 4157 725 4201 annum
748 4135 822 4199 427.
865 4137 919 4198 Est
942 4145 1041 4198 autem
1069 4139 1156 4198 etiam
1184 4135 1261 4196 alius
1289 4136 1379 4200 locus

219 4249 250 4305 in
274 4244 453 4305 Theodoreti
483 4243 580 4323 libris,
609 4263 645 4303 ex
673 4262 732 4323 quo
761 4244 874 4304 certius
897 4242 1006 4321 aliquid
1035 4244 1153 4304 eldcere
1177 4251 1305 4304 conatus
1331 4253 1380 4305 est

221 4352 389 4411 Garnerius.
427 4350 499 4410 Nam
523 4350 579 4411 snb
603 4352 691 4411 linem
716 4349 924 4428 disputationis
943 4349 1001 4409 Vll.
1021 4348 1235 4431 p.298,11u
1260 4354 1377 4413 mentio

221 4459 254 4519 lit
277 4456 375 4537 legum
400 4467 503 4518 contra
530 4476 659 4538 paganos
687 4457 812 4517 latarum
836 4456 935 4518 verbis
958 4457 1019 4519 his:
1046 4455 1087 4518 τὰ
1115 4456 1173 4534 μὲν
1197 4453 1379 4534 ὀψοποιοῖς
