2926 5040
152 338 217 404 140
643 338 735 408 Caput
752 339 800 393 Ill.

149 525 273 586 nempe
310 506 424 567 libros
461 506 582 566 decem
625 513 751 566 contra
787 504 944 586 lulianu,
986 501 1009 566 6
1046 513 1108 566 tres
1142 505 1180 567 de
1217 514 1294 567 recta

150 610 239 676 lide.'’
275 613 337 674 lam
360 632 430 674 vero
450 631 510 693 quo
533 631 610 674 anno
630 613 741 692 Capnio
765 621 870 674 nactus
893 615 932 674 sit
955 611 1100 672 librorum
1123 621 1229 674 contra
1251 612 1292 674 lu·

149 721 258 782 lianum
287 720 419 781 codicem
448 720 632 803 ignoramus,
666 738 754 799 quem
782 719 941 780 verisimile
969 727 1016 779 est
1042 727 1128 779 antea
1157 721 1189 778 in
1217 719 1294 780 ltalia

149 828 249 889 luisse.
291 827 385 887 llaius
414 828 493 887 enim
528 819 601 909 (vita
628 826 668 887 lo.
700 825 856 887 Reuchlini
883 825 1070 885 Phorcensis.
1108 825 1294 888 Francoiurti

150 932 243 996 1687.
267 955 295 1014 p.
314 929 394 1016 524)
418 929 493 1013 ‘ipse
512 929 643 1012 quoque’
664 927 720 1017 (sc.
739 926 875 1016 Capnio)‚
898 935 1004 1014 inquit,
1028 927 1108 993 ‘cum
1132 935 1163 993 in
1183 932 1292 994 ltaliam

148 1043 206 1101 iter
220 1040 340 1121 laceret,
359 1039 583 1119 diligentissime
598 1039 691 1100 libros
706 1040 837 1120 undique
853 1035 1051 1119 conquisivit'.
1083 1039 1293 1101 Bibliothecam

147 1156 246 1209 autem
270 1165 352 1208 suam
379 1142 623 1208 ‘Piorzheimensi
643 1147 767 1226 collegio
787 1166 842 1226 per
860 1155 1071 1209 testamentum
1087 1165 1156 1208 eum
1170 1141 1293 1226 legasse'

147 1254 225 1315 idem
244 1253 338 1314 lllaius
362 1253 484 1314 tradidit
506 1252 527 1313 l.
545 1253 563 1315 l.
583 1272 611 1331 p.
630 1249 704 1314 523.
742 1252 837 1323 Quam
862 1272 886 1313 a.
909 1249 994 1314 1565
1020 1251 1204 1313 Piorzhemii
1226 1252 1295 1314 vidit

148 1360 295 1421 Henricus
318 1357 470 1440 Pantaleo3
499 1360 535 1419 ci.
564 1359 629 1420 Mai.
652 1379 680 1439 p.
705 1356 779 1421 524.
818 1358 875 1420 Sed
905 1356 914 1384 ‘
920 1378 990 1440 pars
1018 1362 1083 1421 eius
1112 1363 1240 1421 maxima
1264 1362 1294 1421 in

149 1468 268 1527 lunesto
297 1464 374 1526 bello
402 1465 578 1526 Germanico
607 1459 642 1548 (i.
666 1485 691 1527 e.
718 1465 795 1526 bello
820 1463 863 1528 30
886 1459 1048 1550 annorum)
1077 1485 1093 1527 a
1120 1465 1294 1546 Capuocinis

148 1572 388 1633 Weilerstadium
416 1573 463 1633 vel
489 1581 523 1634 ut
549 1572 597 1632 alii
625 1574 796 1634 existimant
823 1573 973 1634 Coloniam
1006 1573 1101 1634 delata
1134 1572 1237 1652 ibique
1265 1574 1295 1634 in

148 1681 364 1758 expugnatione
392 1679 517 1739 flammis
548 1688 723 1758 consumpta
755 1676 831 1760 est’3
859 1680 924 1741 Mai.
952 1700 980 1759 p.
1004 1677 1078 1742 528.
1120 1680 1294 1741 Accnratius

148 1794 281 1864 tempora
310 1784 446 1845 discribit
470 1785 499 1845 S.
523 1785 554 1845 F.
579 1785 706 1866 Gebres,
729 1785 830 1846 Weil's
858 1787 912 1846 der
936 1786 1020 1847 Stadt
1042 1785 1141 1846 lrleine
1165 1786 1294 1848 Chronilx

148 1886 318 1974 (Stuttgart.
341 1884 442 1975 1808)
464 1911 493 1978 p.
516 1889 577 1952 119
594 1910 657 1971 sqq.
694 1892 796 1952 blense
820 1895 898 1953 enim
919 1892 999 1972 Sept
1018 1912 1044 1953 a.
1066 1889 1153 1954 1640
1172 1893 1293 1954 Weiler·

148 1998 235 2058 stadii
257 1999 315 2058 iam
339 2007 424 2058 erant
445 1997 605 2077 Capucciui
622 1997 819 2079 Phorcenses,
842 1997 951 2077 quibus
971 2017 1006 2059 eo
1030 2017 1062 2059 se
1086 2001 1225 2061 conferre
1250 2001 1293 2061 die

149 2102 202 2165 21.
223 2104 291 2164 lllaii
315 2105 448 2166 eiusdem
467 2106 536 2165 anni
558 2107 734 2184 permiserat
752 2108 910 2185 episcopus
929 2105 1087 2185 Spirensis.
1120 2105 1175 2167 Die
1199 2117 1294 2170 auteur

147 2209 198 2273 20.
214 2210 333 2273 Octobr.
354 2229 378 2272 a.
397 2208 480 2272 1648
505 2211 743 2273 Weilerstadium
758 2211 942 2291 Francogalli
958 2211 1084 2272 flammis
1099 2213 1293 2277 tradiderunt.

146 2316 206 2377 lam
231 2337 300 2378 vero
325 2317 438 2379 Gehres
468 2313 666 2398 (Piorzheims
689 2318 787 2378 ltleine
812 2317 951 2380 Chronilx.
984 2318 1185 2400 Memmingcn
1212 2320 1294 2384 1792

147 2446 174 2505 p.
190 2421 246 2507 83)
268 2435 371 2486 auctor
390 2435 436 2486 est
455 2444 518 2486 eam
537 2425 683 2486 librorum
701 2425 860 2505 Capnionis
878 2433 1003 2506 partem,
1026 2444 1101 2505 quae
1121 2446 1159 2488 ex
1177 2428 1294 2508 ignibus

147 2543 261 2592 servata
290 2542 382 2614 esset,
412 2533 572 2594 Durlacum
601 2533 725 2595 delatam
754 2552 820 2594 esse
848 2543 878 2594 et
909 2542 1011 2612 postea
1039 2534 1070 2594 in
1099 2534 1220 2618 urbem,
1247 2539 1294 2598 cui

147 2656 255 2698 nomen
279 2647 325 2698 est
348 2637 497 2699 Carlsruh.
541 2638 597 2700 Ubi
621 2658 700 2700 ntxnc
724 2658 783 2699 non
808 2648 924 2701 exstare
953 2640 1098 2701 librorum
1122 2652 1227 2704 contra
1250 2644 1294 2704 ln-

62 2819 66 2830 Ι
146 2745 257 2804 lianum
281 2743 414 2804 codicem
438 2764 485 2805 me
507 2745 608 2807 docuit
628 2746 791 2807 Guilelmus
809 2745 981 2808 Brambacb.
1019 2747 1123 2827 Neque
1143 2748 1294 2812 Coloniam

148 2870 214 2912 eum
239 2851 368 2912 delatum
392 2870 457 2912 esse
482 2852 663 2933 intellegitur
686 2872 722 2913 ex
746 2853 877 2932 catalogo
901 2854 1037 2915 codicum
1056 2873 1126 2916 mss.
1151 2856 1293 2919 ecclesiae

147 2958 389 3037 metropolitanae
414 2958 607 3041 folomensis,
631 2978 720 3039 quem
744 2962 932 3039 scripserunt
950 2961 1023 3022 Jaffe'
1047 2968 1077 3021 et
1098 2960 1294 3026 Wattenbach

147 3072 177 3125 et
195 3064 353 3126 ediderunt
371 3065 502 3127 berolini
521 3085 545 3127 a.
563 3064 656 3129 1874.
692 3067 795 3146 Neque
815 3067 946 3128 Basileae
965 3087 1063 3148 neque
1080 3068 1294 3151 Heidelbergae

147 3190 214 3232 eum
238 3175 366 3233 inveniri
385 3175 544 3234 certiorem
563 3192 609 3234 me
634 3175 770 3235 iecerunt
789 3173 821 3236 L.
841 3174 946 3235 Sieber
964 3184 994 3235 et
1013 3173 1044 3236 C.
1064 3174 1294 3256 Zangemeister.

147 3279 228 3350 Quae
256 3299 323 3341 cum
352 3282 393 3341 ita
421 3282 494 3360 sint,
526 3282 598 3359 quin
626 3299 650 3340 a.
677 3277 760 3342 1648
790 3281 951 3361 deperierit
979 3281 1073 3341 codex
1096 3282 1294 3366 Capnioneus‚

147 3385 276 3447 dubitari
299 3389 347 3446 vix
370 3390 503 3466 poterit.
528 3386 592 3457 Quo
613 3388 755 3448 maiorem
774 3390 898 3467 gratiam
921 3388 1082 3449 babeamus
1101 3408 1226 3453 necesse
1250 3401 1296 3453 est

146 3493 248 3553 loanni
266 3493 501 3576 Oecolampadio‚
521 3497 573 3574 qui
591 3494 723 3556 codicem
742 3514 822 3556 nunc
841 3496 1029 3576 deperditum
1048 3504 1172 3559 secutus
1191 3499 1293 3560 decem

148 3599 248 3680 Cyrilli
277 3610 379 3661 contra
407 3600 552 3663 lulianum
581 3599 674 3662 libros
697 3605 737 3663 ita
765 3603 855 3664 latine
882 3602 1025 3686 reddidit,
1054 3611 1088 3665 ut
1115 3603 1292 3685 plerumque

146 3709 234 3768 etiam
250 3725 330 3768 nunc
345 3710 484 3788 cognosci
493 3719 604 3791 posset,
618 3728 706 3788 quam
720 3710 768 3771 ille
783 3709 969 3789 praebuisset
979 3712 1169 3792 scripturam.
1191 3711 1293 3774 Exstat

146 3823 245 3876 autem
261 3814 478 3894 Oecolampadii
494 3817 700 3895 interpretatio
719 3819 749 3878 in
769 3816 859 3878 latina
872 3817 1006 3878 Andreae
1021 3816 1178 3880 Cratandri
1193 3819 1292 3900 Cyrilli

145 3922 303 3982 Alexandri
331 3922 461 3982 editione
484 3922 614 3983 Basileae
639 3941 663 3983 a.
690 3920 774 3985 1528
802 3922 915 4003 publici
942 3924 1017 3984 iuris
1045 3924 1121 3985 iacta
1150 3934 1221 3988 tom.
1244 3926 1290 3987 111.

145 4029 318 4090 Notavimus
341 4037 440 4090 autem
464 4029 596 4090 codicem
620 4028 822 4108 Capnioneum
845 4028 943 4091 littera
967 4029 1003 4112 0,
1027 4029 1125 4092 littera
1150 4032 1175 4094 0
1199 4033 1289 4096 Oeno·

144 4135 282 4215 lampadii
304 4137 479 4198 versionem.

235 4243 294 4304 Sed
318 4245 405 4304 etiam
426 4245 588 4326 quaeritur,
607 4261 666 4322 quo
690 4251 824 4322 tempore
840 4252 982 4305 exaratus
1002 4247 1041 4313 sit
1059 4245 1154 4307 codex
1168 4245 1288 4328 Capnio·

145 4367 228 4410 neus.
274 4349 368 4420 Quem
392 4351 501 4412 litteris
526 4350 700 4412 minusculis
724 4352 867 4431 scriptum
892 4353 984 4412 luisse
1006 4352 1075 4412 inde
1098 4352 1289 4436 intellegitur,
1345 4368 1349 4379 ·

145 4457 225 4540 quod
244 4459 307 4537 ipse
327 4476 445 4538 quoque
459 4479 488 4539 p.
503 4456 579 4520 94A
599 4466 770 4539 corruptam
788 4457 926 4539 praebuit
944 4460 1125 4540 scripturam
1142 4459 1203 4526 τὸν
1223 4457 1289 4542 βίον
