2926 5040
485 340 526 393 De
545 338 646 394 Iuliani
665 338 799 403 librorum
817 340 891 393 fatis.
1224 340 1263 402 11

114 502 258 566 libros?
294 505 372 566 Num
392 507 479 566 etiarn
500 514 623 567 censent
646 503 719 582 δίχα
742 509 798 582 τῆ(
816 507 882 568 τῶν
905 504 1001 583 ἱερῶν
1026 503 1134 580 λόγων
1153 524 1268 583 μαρτυ-

116 608 185 687 ρία(
213 610 308 671 refelli
335 613 467 690 potuisse
492 611 596 672 luliani
625 615 654 672 in
681 612 865 673 Christianos
893 616 1110 694 accusationes,
1141 631 1267 691 quarum

115 717 267 798 plerisque
283 717 525 796 vituperabantur
540 737 641 779 sacrae
656 722 821 798 scripturae
837 716 1010 780 enuntiata?
1038 719 1141 800 Neque
1157 728 1268 799 tempo-

116 843 184 885 rum
217 827 292 884 ratio
325 825 441 884 videtur
474 842 540 884 esse
573 825 761 904 neglegenda.
803 826 861 886 Per
894 826 1053 887 hibernum
1087 829 1165 886 enim
1198 829 1268 887 anni

116 927 257 1011 362l363
277 939 394 1010 tempus
413 950 488 1010 opus
503 950 590 992 suum
609 952 766 1012 aggressus
786 943 831 994 est
848 936 1019 1015 imperator,
1040 940 1070 993 et
1089 951 1265 1011 quamquam

116 1059 141 1100 a,
162 1039 189 1100 d.
207 1037 280 1098 Vlll.
300 1037 361 1099 Kal.
381 1037 433 1098 lul.
453 1057 477 1099 a.
493 1036 558 1100 363
578 1058 751 1119 supremum
771 1040 849 1102 diem
873 1041 954 1119 obiit,
978 1048 1063 1100 autea
1081 1042 1140 1100 iam
1158 1039 1265 1119 legisse

116 1147 292 1207 statuendus
325 1153 371 1205 est
397 1144 573 1224 Apollinaris
606 1147 824 1208 refutationem.
871 1147 916 1207 Eu
955 1149 1057 1208 miram
1090 1145 1266 1226 Apollinaris

117 1255 344 1314 festinationem.
382 1251 473 1313 Cuius
496 1252 606 1313 librum
633 1273 666 1313 re
690 1271 759 1314 vera
787 1254 858 1332 legit
886 1256 1060 1336 imperator,
1088 1272 1154 1313 nam
1179 1271 1266 1313 causa

117 1377 178 1419 non
207 1367 251 1419 est
279 1377 333 1419 cur
361 1358 530 1420 dubitemus
559 1360 594 1420 de
629 1361 726 1439 lepido
750 1359 799 1420 illo
828 1360 920 1440 dicto,
948 1360 1027 1438 quod
1054 1362 1173 1439 ingenio
1203 1363 1267 1421 eius

117 1466 238 1525 minime
263 1473 415 1544 repugnat.
448 1465 646 1528 Dubitandum
672 1486 742 1528 sane
763 1476 807 1528 est
826 1467 862 1527 de
882 1468 1090 1546 episcoporum
1113 1485 1266 1546 responso.

117 1571 183 1631 Non
203 1571 269 1631 dico
293 1590 352 1632 non
371 1591 498 1633 ausuros
517 1575 609 1635 luisse
630 1578 784 1654 episcopos
804 1583 862 1635 tam
877 1575 1066 1653 impudenter
1086 1574 1266 1653 respondere

117 1682 302 1760 imperatori3
331 1698 427 1759 neque
456 1682 486 1741 in
515 1700 548 1741 ea
577 1700 609 1742 re
634 1681 764 1763 offendo,
794 1681 870 1760 quod
902 1681 1084 1742 Sozomeuus
1111 1684 1269 1742 memoriae

116 1780 280 1869 prodidit¹)
304 1805 358 1865 pro
378 1796 460 1848 certo
484 1788 624 1848 affirmari
648 1808 706 1848 non
726 1808 822 1870 posse,
846 1791 913 1868 quis
938 1791 1139 1868 composuerit
1158 1791 1268 1868 epistu-

117 1893 189 1974 lam3
212 1895 243 1954 in
262 1910 320 1972 qua
339 1912 375 1954 ne
398 1897 496 1973 potuit
514 1895 633 1973 quidem
653 1899 783 1956 arretoris
803 1914 910 1956 nomeu
931 1897 1043 1977 afferri,
1067 1914 1135 1956 cum
1159 1898 1270 1975 scripta

118 2019 184 2060 esse
208 2000 363 2060 statuenda
382 2009 461 2061 esset
480 2000 641 2063 multorum
662 2005 871 2081 episcoporum
895 2005 1022 2062 nomine.
1061 2001 1269 2063 Gravissimam

118 2115 217 2168 autem
245 2116 343 2168 movet
375 2108 602 2190 dubitationem,
632 2109 710 2188 quod
744 2109 796 2170 ubi
823 2109 859 2168 de
889 2109 993 2170 luliani
1022 2109 1147 2188 epistula
1179 2108 1269 2170 verba

118 2215 189 2275 lacit
213 2215 406 2296 Sozomenus,
430 2217 580 2277 indicativi
603 2217 695 2276 lorma
721 2218 816 2277 utitur
839 2213 872 2294 (ὁ
897 2214 1039 2292 βαειλεὺ(
1066 2249 1104 2258 -
1130 2214 1268 2278 ἐπέετει-

119 2316 204 2402 λεν);
234 2324 442 2402 episcoporum
466 2332 565 2384 autem
592 2326 728 2384 meminit
750 2325 887 2403 responsi
910 2325 1076 2384 accusativo
1101 2342 1174 2384 usus
1199 2342 1268 2384 con·

118 2432 220 2490 iuncto
249 2448 316 2489 curn
344 2430 489 2491 infinitivo
518 2424 610 2510 (robe
633 2429 668 2491 δὲ
697 2429 778 2505 πρὸ(
801 2431 902 2491 ταῦτα
930 2423 1147 2513 ἀντιγράψαι).
1190 2430 1269 2509 Ergo

117 2539 181 2617 ipse
201 2538 313 2595 veritus
333 2545 378 2595 est
403 2555 438 2596 ne
458 2545 571 2597 temere
591 2539 800 2616 pronuntiaret
823 2537 858 2597 de
882 2556 915 2597 re
938 2556 980 2619 ea,
1004 2537 1040 2597 de
1060 2557 1117 2616 qua
1136 2557 1173 2598 ne
1198 2546 1269 2598 tuno

119 2641 238 2721 quidem
263 2644 334 2702 satis
358 2650 515 2703 constaret.
557 2643 618 2703 lam
640 2663 711 2704 vero
731 2645 878 2704 exstitisse
899 2662 934 2703 eo
958 2652 1092 2724 tempore
1116 2647 1269 2724 episcopo-

117 2767 186 2810 rum
205 2748 360 2829 epistulam
379 2750 464 2829 plane
484 2758 605 2829 apparet
625 2769 659 2811 ex
681 2750 836 2810 Sozomeni
855 2750 967 2812 verbis:
991 2746 1067 2811 ἀλλ’
1086 2747 1150 2812 εἴτε
1170 2748 1268 2812 αὐτοῦ

118 2853 183 2919 εἴτε
208 2853 309 2918 ἄλλου
332 2853 433 2918 ταῦτά
459 2856 554 2934 ἐςτιν,
583 2853 715 2931 ἄγαεθαι
739 2855 861 2919 δίκαιον
889 2854 1037 2934 ἀνδρεία(
1065 2856 1116 2918 καὶ
1140 2855 1269 2919 παιδεύ-

118 2982 198 3025 cetu(
216 2962 274 3026 τὸν
293 2960 472 3041 γράψαντα.
510 2965 613 3043 Neque
633 2967 712 3024 enim
731 2970 828 3044 potuit
846 2965 965 3025 laudare
985 2963 1192 3045 eruditionem,
1212 2967 1268 3026 nisi

118 3080 170 3132 aut
193 3073 256 3151 ipse
280 3072 392 3151 legerat
416 3091 479 3132 eam
502 3077 552 3132 aut
576 3073 601 3131 is
621 3090 709 3150 quem
734 3079 885 3132 auctorem
909 3071 965 3131 hoc
989 3070 1053 3130 loeo
1074 3081 1194 3132 secutus
1214 3081 1268 3133 est.

120 3179 202 3250 Quae
222 3197 290 3239 oum
313 3181 353 3238 ita
377 3181 445 3259 sint,
469 3180 583 3238 conicio
602 3180 804 3256 composuisse
829 3185 931 3256 postea
951 3178 1107 3256 episcopos
1126 3179 1268 3256 quosdam

119 3284 276 3365 epistulam
300 3293 329 3345 et
352 3286 471 3345 linxisse
496 3303 530 3344 ea
553 3303 586 3366 re
610 3303 679 3345 vera
703 3304 734 3345 se
762 3286 935 3364 imperatori
959 3285 1162 3367 respondisse,
1193 3304 1268 3363 quae

120 3395 147 3454 si
161 3392 393 3473 respondissent,
408 3410 530 3452 suorum
544 3391 649 3470 procul
659 3391 749 3451 dubio
764 3391 894 3452 habituri
904 3392 1026 3451 luerunt
1039 3390 1270 3452 admirationem.

210 3500 312 3580 Neque
336 3518 406 3559 vero
430 3507 542 3559 temere
572 3517 626 3558 nos
657 3517 779 3577 negasse
803 3499 908 3558 Iuliani
936 3496 1027 3556 libros
1051 3498 1269 3577 impugnavisse

120 3607 318 3686 Apollinarem
338 3607 425 3666 etiarn
446 3607 538 3682 magis
557 3605 718 3686 apparebit,
738 3608 763 3666 si
786 3607 1018 3685 spectaveriurus
1038 3623 1094 3683 qua
1114 3608 1268 3666 occasione

119 3713 189 3774 libri
213 3715 265 3792 qui
288 3730 342 3791 pro
365 3714 488 3772 veritate
511 3711 730 3772 inscribebatur
753 3715 934 3773 mentionem
954 3714 1059 3773 lecerit
1079 3712 1268 3772 Sozomenus.

120 3820 298 3880 Narraverat
320 3825 418 3897 autem
442 3818 679 3879 duodevicesimo
704 3821 800 3897 quinti
823 3818 891 3878 libri
915 3820 1009 3897 capite
1032 3818 1269 3879 Christianorum

120 3945 182 4007 eos,
206 3927 256 4004 qui
276 3924 397 3986 Graecis
418 3926 527 3987 litteris
550 3945 738 4005 summopere
762 3926 926 4007 studerent,
949 3928 1120 4004 gravissime
1144 3925 1269 3986 aillictos

120 4051 188 4094 esse
211 4030 315 4091 Iuliani
338 4031 402 4110 lege
424 4027 462 4114 (a.
482 4033 508 4093 d.
529 4032 587 4093 XV.
606 4032 668 4094 Kal.
687 4033 739 4093 lul.
760 4051 783 4092 a.
803 4029 867 4093 362
887 4028 976 4113 data),
999 4051 1036 4092 ne
1059 4032 1163 4092 liceret
1186 4031 1269 4092 Chri-

121 4140 226 4199 stianis
254 4137 381 4199 Graecas
410 4139 523 4201 litteras
551 4142 682 4222 edoceri3
718 4159 843 4220 quarum
872 4160 906 4200 eo
941 4151 1072 4220 tempore
1105 4141 1183 4199 inter
1215 4138 1270 4199 hos
1319 4177 1321 4181 ι

122 4256 338 4264 ——m———q

195 4299 221 4362 1)
240 4295 314 4350 Eccl.
334 4296 398 4349 hist.
418 4295 443 4349 V
464 4301 496 4350 18
515 4296 598 4365 (Hp.
619 4300 670 4350 toa
691 4296 732 4351 ed.
752 4296 884 4365 Hussey):
918 4295 965 4350 eid
985 4297 1014 4348 δέ
1034 4294 1060 4348 οἱ
1080 4293 1208 4363 Βαειλείῳ
1227 4300 1268 4363 τῷ

120 4385 262 4455 προστάτῃ
282 4389 333 4452 τῆ(
352 4385 707 4469 Καππαδοκῶνιὲκκληεία(
729 4387 835 4453 ταύτην
860 4389 913 4454 τὴν
936 4386 1080 4452 ἐπιετολὴν
1099 4384 1264 4437 ἀνατιθέαει·

121 4476 167 4528 καὶ
186 4475 237 4528 οὐκ
255 4475 373 4529 ἀπεικός.
